day,timestamp,product,bid_price_1,bid_volume_1,bid_price_2,bid_volume_2,bid_price_3,bid_volume_3,ask_price_1,ask_volume_1,ask_price_2,ask_volume_2,ask_price_3,ask_volume_3,mid_price,profit_and_loss
-2,0,AMETHYSTS,10002,1,9996,2,9995,29,10004,2,10005,29,,,10003.0,0.0
-2,100,AMETHYSTS,9996,2,9995,22,,,10004,2,10005,22,,,10000.0,0.0
-2,200,AMETHYSTS,9995,20,,,,,10005,20,,,,,10000.0,0.0
-2,300,AMETHYSTS,9996,2,9995,29,,,10004,2,10005,29,,,10000.0,0.0
-2,400,AMETHYSTS,9996,2,9995,25,,,10004,2,10005,25,,,10000.0,0.0
-2,500,AMETHYSTS,9995,30,,,,,10002,4,10005,30,,,9998.5,0.0
-2,600,AMETHYSTS,10000,5,9995,25,,,10005,25,,,,,10002.5,0.0
-2,700,AMETHYSTS,9995,23,,,,,10005,23,,,,,10000.0,0.0
-2,800,AMETHYSTS,9996,1,9995,29,,,10004,1,10005,29,,,10000.0,0.0
-2,900,AMETHYSTS,9996,1,9995,22,,,10004,1,10005,22,,,10000.0,0.0
-2,1000,AMETHYSTS,9995,26,,,,,10005,26,,,,,10000.0,0.0
-2,1100,AMETHYSTS,9996,2,9995,24,,,10004,2,10005,24,,,10000.0,0.0
-2,1200,AMETHYSTS,9995,21,,,,,9998,1,10005,21,,,9996.5,0.0
-2,1300,AMETHYSTS,10002,1,9996,1,9995,30,10004,1,10005,30,,,10003.0,0.0
-2,1400,AMETHYSTS,9996,1,9995,25,,,10004,1,10005,25,,,10000.0,0.0
-2,1500,AMETHYSTS,9995,27,,,,,10005,27,,,,,10000.0,0.0
-2,1600,AMETHYSTS,9995,29,,,,,10005,29,,,,,10000.0,0.0
-2,1700,AMETHYSTS,9996,2,9995,20,,,10002,1,10004,2,10005,20,9999.0,0.0
-2,1800,AMETHYSTS,10002,1,9996,1,9995,22,10004,1,10005,22,,,10003.0,0.0
-2,1900,AMETHYSTS,9996,1,9995,28,,,10004,1,10005,28,,,10000.0,0.0
-2,2000,AMETHYSTS,9996,2,9995,24,,,9998,1,10004,2,10005,24,9997.0,0.0
-2,2100,AMETHYSTS,9996,2,9995,25,,,10002,3,10004,2,10005,25,9999.0,0.0
-2,2200,AMETHYSTS,9998,8,9996,1,9995,24,10004,1,10005,24,,,10001.0,0.0
-2,2300,AMETHYSTS,9998,7,9996,2,9995,30,10004,2,10005,30,,,10001.0,0.0
-2,2400,AMETHYSTS,9995,29,,,,,10005,29,,,,,10000.0,0.0
-2,2500,AMETHYSTS,9996,1,9995,22,,,10004,1,10005,22,,,10000.0,0.0
-2,2600,AMETHYSTS,9995,23,,,,,10005,23,,,,,10000.0,0.0
-2,2700,AMETHYSTS,9998,6,9995,26,,,10005,26,,,,,10001.5,0.0
-2,2800,AMETHYSTS,9995,25,,,,,10005,25,,,,,10000.0,0.0
-2,2900,AMETHYSTS,9996,1,9995,25,,,10004,1,10005,25,,,10000.0,0.0
-2,3000,AMETHYSTS,9998,1,9995,26,,,10005,26,,,,,10001.5,0.0
-2,3100,AMETHYSTS,9996,2,9995,24,,,10004,2,10005,24,,,10000.0,0.0
-2,3200,AMETHYSTS,9996,1,9995,22,,,10004,1,10005,22,,,10000.0,0.0
-2,3300,AMETHYSTS,9996,2,9995,30,,,10004,2,10005,30,,,10000.0,0.0
-2,3400,AMETHYSTS,9996,2,9995,24,,,10004,2,10005,24,,,10000.0,0.0
-2,3500,AMETHYSTS,9995,26,,,,,10005,26,,,,,10000.0,0.0
-2,3600,AMETHYSTS,9995,21,,,,,9998,4,10005,21,,,9996.5,0.0
-2,3700,AMETHYSTS,10002,1,9996,1,9995,23,10004,1,10005,23,,,10003.0,0.0
-2,3800,AMETHYSTS,9996,2,9995,23,,,10002,10,10004,2,10005,23,9999.0,0.0
-2,3900,AMETHYSTS,9998,1,9996,1,9995,25,10004,1,10005,25,,,10001.0,0.0
-2,4000,AMETHYSTS,9996,2,9995,30,,,10004,2,10005,30,,,10000.0,0.0
-2,4100,AMETHYSTS,9996,2,9995,27,,,10004,2,10005,27,,,10000.0,0.0
-2,4200,AMETHYSTS,9996,2,9995,24,,,10002,4,10004,2,10005,24,9999.0,0.0
-2,4300,AMETHYSTS,9995,22,,,,,9998,1,10000,6,10005,22,9996.5,0.0
-2,4400,AMETHYSTS,9995,30,,,,,10005,30,,,,,10000.0,0.0
-2,4500,AMETHYSTS,9996,1,9995,28,,,10002,10,10004,1,10005,28,9999.0,0.0
-2,4600,AMETHYSTS,9996,1,9995,29,,,10002,10,10004,1,10005,29,9999.0,0.0
-2,4700,AMETHYSTS,9996,2,9995,30,,,10004,2,10005,30,,,10000.0,0.0
-2,4800,AMETHYSTS,9998,6,9996,2,9995,22,10004,2,10005,22,,,10001.0,0.0
-2,4900,AMETHYSTS,9995,22,,,,,10002,7,10005,22,,,9998.5,0.0
-2,5000,AMETHYSTS,9998,3,9996,2,9995,28,10004,2,10005,28,,,10001.0,0.0
-2,5100,AMETHYSTS,9996,1,9995,30,,,10004,1,10005,30,,,10000.0,0.0
-2,5200,AMETHYSTS,9998,9,9996,1,9995,26,10004,1,10005,26,,,10001.0,0.0
-2,5300,AMETHYSTS,9996,1,9995,20,,,10004,1,10005,20,,,10000.0,0.0
-2,5400,AMETHYSTS,9995,21,,,,,10005,21,,,,,10000.0,0.0
-2,5500,AMETHYSTS,9995,27,,,,,10005,27,,,,,10000.0,0.0
-2,5600,AMETHYSTS,9995,28,,,,,10005,28,,,,,10000.0,0.0
-2,5700,AMETHYSTS,9998,2,9995,27,,,10005,27,,,,,10001.5,0.0
-2,5800,AMETHYSTS,9996,1,9995,30,,,10004,1,10005,30,,,10000.0,0.0
-2,5900,AMETHYSTS,9996,2,9995,28,,,10004,2,10005,28,,,10000.0,0.0
-2,6000,AMETHYSTS,9995,30,,,,,10005,30,,,,,10000.0,0.0
-2,6100,AMETHYSTS,9996,1,9995,24,,,10004,1,10005,24,,,10000.0,0.0
-2,6200,AMETHYSTS,9996,1,9995,21,,,10004,1,10005,21,,,10000.0,0.0
-2,6300,AMETHYSTS,9996,2,9995,23,,,10004,2,10005,23,,,10000.0,0.0
-2,6400,AMETHYSTS,9996,1,9995,24,,,10004,1,10005,24,,,10000.0,0.0
-2,6500,AMETHYSTS,9996,1,9995,26,,,9998,1,10004,1,10005,26,9997.0,0.0
-2,6600,AMETHYSTS,9996,2,9995,24,,,10004,2,10005,24,,,10000.0,0.0
-2,6700,AMETHYSTS,9995,20,,,,,10002,3,10005,20,,,9998.5,0.0
-2,6800,AMETHYSTS,9996,2,9995,30,,,10004,2,10005,30,,,10000.0,0.0
-2,6900,AMETHYSTS,9996,1,9995,26,,,10002,5,10004,1,10005,26,9999.0,0.0
-2,7000,AMETHYSTS,9998,2,9995,27,,,10005,27,,,,,10001.5,0.0
-2,7100,AMETHYSTS,9996,1,9995,29,,,10004,1,10005,29,,,10000.0,0.0
-2,7200,AMETHYSTS,9998,5,9996,1,9995,27,10004,1,10005,27,,,10001.0,0.0
-2,7300,AMETHYSTS,10002,1,9996,2,9995,29,10004,2,10005,29,,,10003.0,0.0
-2,7400,AMETHYSTS,9996,1,9995,22,,,10004,1,10005,22,,,10000.0,0.0
-2,7500,AMETHYSTS,9995,25,,,,,10002,10,10005,25,,,9998.5,0.0
-2,7600,AMETHYSTS,9996,2,9995,20,,,10004,2,10005,20,,,10000.0,0.0
-2,7700,AMETHYSTS,9995,22,,,,,10005,22,,,,,10000.0,0.0
-2,7800,AMETHYSTS,9998,3,9996,1,9995,22,10004,1,10005,22,,,10001.0,0.0
-2,7900,AMETHYSTS,9996,1,9995,26,,,10004,1,10005,26,,,10000.0,0.0
-2,8000,AMETHYSTS,9995,27,,,,,10005,27,,,,,10000.0,0.0
-2,8100,AMETHYSTS,9996,1,9995,22,,,10004,1,10005,22,,,10000.0,0.0
-2,8200,AMETHYSTS,9995,23,,,,,10005,23,,,,,10000.0,0.0
-2,8300,AMETHYSTS,9996,1,9995,29,,,10004,1,10005,29,,,10000.0,0.0
-2,8400,AMETHYSTS,9995,28,,,,,10005,28,,,,,10000.0,0.0
-2,8500,AMETHYSTS,9998,10,9996,2,9995,29,10004,2,10005,29,,,10001.0,0.0
-2,8600,AMETHYSTS,9996,1,9995,22,,,10004,1,10005,22,,,10000.0,0.0
-2,8700,AMETHYSTS,9998,10,9995,27,,,10005,27,,,,,10001.5,0.0
-2,8800,AMETHYSTS,9995,25,,,,,9998,1,10005,25,,,9996.5,0.0
-2,8900,AMETHYSTS,9998,9,9995,26,,,10005,26,,,,,10001.5,0.0
-2,9000,AMETHYSTS,9996,2,9995,29,,,10004,2,10005,29,,,10000.0,0.0
-2,9100,AMETHYSTS,9998,3,9996,2,9995,27,10004,2,10005,27,,,10001.0,0.0
-2,9200,AMETHYSTS,9998,10,9995,27,,,10005,27,,,,,10001.5,0.0
-2,9300,AMETHYSTS,9996,1,9995,20,,,10004,1,10005,20,,,10000.0,0.0
-2,9400,AMETHYSTS,9998,2,9996,2,9995,21,10004,2,10005,21,,,10001.0,0.0
-2,9500,AMETHYSTS,9996,1,9995,30,,,10004,1,10005,30,,,10000.0,0.0
-2,9600,AMETHYSTS,9996,1,9995,30,,,10004,1,10005,30,,,10000.0,0.0
-2,9700,AMETHYSTS,9995,22,,,,,10002,1,10005,22,,,9998.5,0.0
-2,9800,AMETHYSTS,9995,26,,,,,10005,26,,,,,10000.0,0.0
-2,9900,AMETHYSTS,9995,25,,,,,10005,25,,,,,10000.0,0.0
-2,10000,AMETHYSTS,9995,28,,,,,10005,28,,,,,10000.0,0.0
-2,10100,AMETHYSTS,9996,1,9995,24,,,10002,3,10004,1,10005,24,9999.0,0.0
-2,10200,AMETHYSTS,9996,2,9995,26,,,10004,2,10005,26,,,10000.0,0.0
-2,10300,AMETHYSTS,9998,4,9995,27,,,10005,27,,,,,10001.5,0.0
-2,10400,AMETHYSTS,10002,1,9996,1,9995,28,10004,1,10005,28,,,10003.0,0.0
-2,10500,AMETHYSTS,9998,4,9996,2,9995,29,10004,2,10005,29,,,10001.0,0.0
-2,10600,AMETHYSTS,9996,2,9995,29,,,10000,4,10004,2,10005,29,9998.0,0.0
-2,10700,AMETHYSTS,9998,8,9995,28,,,10005,28,,,,,10001.5,0.0
-2,10800,AMETHYSTS,9998,5,9996,2,9995,22,10004,2,10005,22,,,10001.0,0.0
-2,10900,AMETHYSTS,9996,1,9995,27,,,10004,1,10005,27,,,10000.0,0.0
-2,11000,AMETHYSTS,9995,24,,,,,10002,7,10005,24,,,9998.5,0.0
-2,11100,AMETHYSTS,9998,3,9995,21,,,10005,21,,,,,10001.5,0.0
-2,11200,AMETHYSTS,9996,2,9995,21,,,10002,7,10004,2,10005,21,9999.0,0.0
-2,11300,AMETHYSTS,9996,1,9995,21,,,10004,1,10005,21,,,10000.0,0.0
-2,11400,AMETHYSTS,9996,1,9995,25,,,10004,1,10005,25,,,10000.0,0.0
-2,11500,AMETHYSTS,9996,1,9995,25,,,10002,7,10004,1,10005,25,9999.0,0.0
-2,11600,AMETHYSTS,9996,2,9995,27,,,10002,2,10004,2,10005,27,9999.0,0.0
-2,11700,AMETHYSTS,9996,2,9995,21,,,10004,2,10005,21,,,10000.0,0.0
-2,11800,AMETHYSTS,9998,10,9995,29,,,10000,5,10005,29,,,9999.0,0.0
-2,11900,AMETHYSTS,9996,2,9995,30,,,10004,2,10005,30,,,10000.0,0.0
-2,12000,AMETHYSTS,10002,1,9995,20,,,10005,20,,,,,10003.5,0.0
-2,12100,AMETHYSTS,9996,2,9995,25,,,10004,2,10005,25,,,10000.0,0.0
-2,12200,AMETHYSTS,9996,2,9995,28,,,10004,2,10005,28,,,10000.0,0.0
-2,12300,AMETHYSTS,9998,6,9996,1,9995,28,10004,1,10005,28,,,10001.0,0.0
-2,12400,AMETHYSTS,9995,26,,,,,10005,26,,,,,10000.0,0.0
-2,12500,AMETHYSTS,9995,20,,,,,10005,20,,,,,10000.0,0.0
-2,12600,AMETHYSTS,9995,22,,,,,10005,22,,,,,10000.0,0.0
-2,12700,AMETHYSTS,9996,2,9995,20,,,10004,2,10005,20,,,10000.0,0.0
-2,12800,AMETHYSTS,9996,2,9995,20,,,10004,2,10005,20,,,10000.0,0.0
-2,12900,AMETHYSTS,9996,1,9995,28,,,10002,3,10004,1,10005,28,9999.0,0.0
-2,13000,AMETHYSTS,10002,1,9995,20,,,10005,20,,,,,10003.5,0.0
-2,13100,AMETHYSTS,9996,1,9995,25,,,10004,1,10005,25,,,10000.0,0.0
-2,13200,AMETHYSTS,9998,2,9995,22,,,10005,22,,,,,10001.5,0.0
-2,13300,AMETHYSTS,9995,24,,,,,10005,24,,,,,10000.0,0.0
-2,13400,AMETHYSTS,9996,2,9995,30,,,10004,2,10005,30,,,10000.0,0.0
-2,13500,AMETHYSTS,9995,30,,,,,10005,30,,,,,10000.0,0.0
-2,13600,AMETHYSTS,9995,25,,,,,10002,10,10005,25,,,9998.5,0.0
-2,13700,AMETHYSTS,9996,1,9995,20,,,9998,4,10004,1,10005,20,9997.0,0.0
-2,13800,AMETHYSTS,9996,2,9995,20,,,10004,2,10005,20,,,10000.0,0.0
-2,13900,AMETHYSTS,9996,2,9995,20,,,10000,6,10004,2,10005,20,9998.0,0.0
-2,14000,AMETHYSTS,9998,5,9996,2,9995,27,10004,2,10005,27,,,10001.0,0.0
-2,14100,AMETHYSTS,9996,2,9995,23,,,10004,2,10005,23,,,10000.0,0.0
-2,14200,AMETHYSTS,9995,21,,,,,10005,21,,,,,10000.0,0.0
-2,14300,AMETHYSTS,9996,2,9995,27,,,10004,2,10005,27,,,10000.0,0.0
-2,14400,AMETHYSTS,9996,1,9995,29,,,10004,1,10005,29,,,10000.0,0.0
-2,14500,AMETHYSTS,9995,24,,,,,10002,1,10005,24,,,9998.5,0.0
-2,14600,AMETHYSTS,9996,2,9995,26,,,10000,2,10004,2,10005,26,9998.0,0.0
-2,14700,AMETHYSTS,9995,30,,,,,10002,7,10005,30,,,9998.5,0.0
-2,14800,AMETHYSTS,9995,28,,,,,10002,6,10005,28,,,9998.5,0.0
-2,14900,AMETHYSTS,10000,4,9995,26,,,10005,26,,,,,10002.5,0.0
-2,15000,AMETHYSTS,9998,1,9995,25,,,10005,25,,,,,10001.5,0.0
-2,15100,AMETHYSTS,9995,22,,,,,10005,22,,,,,10000.0,0.0
-2,15200,AMETHYSTS,9998,6,9995,27,,,10005,27,,,,,10001.5,0.0
-2,15300,AMETHYSTS,9995,26,,,,,10002,1,10005,26,,,9998.5,0.0
-2,15400,AMETHYSTS,9996,2,9995,28,,,9998,1,10004,2,10005,28,9997.0,0.0
-2,15500,AMETHYSTS,10002,1,9996,2,9995,29,10004,2,10005,29,,,10003.0,0.0
-2,15600,AMETHYSTS,9996,2,9995,24,,,10004,2,10005,24,,,10000.0,0.0
-2,15700,AMETHYSTS,10002,5,9996,1,9995,24,10004,1,10005,24,,,10003.0,0.0
-2,15800,AMETHYSTS,9998,10,9996,2,9995,20,10004,2,10005,20,,,10001.0,0.0
-2,15900,AMETHYSTS,9996,2,9995,29,,,10000,6,10004,2,10005,29,9998.0,0.0
-2,16000,AMETHYSTS,9996,2,9995,27,,,10002,6,10004,2,10005,27,9999.0,0.0
-2,16100,AMETHYSTS,9995,21,,,,,10000,2,10002,10,10005,21,9997.5,0.0
-2,16200,AMETHYSTS,9995,24,,,,,9998,1,10005,24,,,9996.5,0.0
-2,16300,AMETHYSTS,9996,1,9995,22,,,10004,1,10005,22,,,10000.0,0.0
-2,16400,AMETHYSTS,9996,2,9995,30,,,10002,3,10004,2,10005,30,9999.0,0.0
-2,16500,AMETHYSTS,9996,2,9995,21,,,10002,7,10004,2,10005,21,9999.0,0.0
-2,16600,AMETHYSTS,9998,4,9996,2,9995,28,10004,2,10005,28,,,10001.0,0.0
-2,16700,AMETHYSTS,10002,1,9995,26,,,10005,26,,,,,10003.5,0.0
-2,16800,AMETHYSTS,9995,26,,,,,10005,26,,,,,10000.0,0.0
-2,16900,AMETHYSTS,9996,1,9995,25,,,10004,1,10005,25,,,10000.0,0.0
-2,17000,AMETHYSTS,9998,9,9995,29,,,10005,29,,,,,10001.5,0.0
-2,17100,AMETHYSTS,9996,2,9995,21,,,10004,2,10005,21,,,10000.0,0.0
-2,17200,AMETHYSTS,9998,3,9996,2,9995,22,10004,2,10005,22,,,10001.0,0.0
-2,17300,AMETHYSTS,9996,2,9995,23,,,10002,9,10004,2,10005,23,9999.0,0.0
-2,17400,AMETHYSTS,10000,6,9998,7,9995,28,10005,28,,,,,10002.5,0.0
-2,17500,AMETHYSTS,9995,26,,,,,10005,26,,,,,10000.0,0.0
-2,17600,AMETHYSTS,9998,6,9995,30,,,10005,30,,,,,10001.5,0.0
-2,17700,AMETHYSTS,9996,2,9995,27,,,10004,2,10005,27,,,10000.0,0.0
-2,17800,AMETHYSTS,9996,2,9995,24,,,10002,5,10004,2,10005,24,9999.0,0.0
-2,17900,AMETHYSTS,9995,23,,,,,10005,23,,,,,10000.0,0.0
-2,18000,AMETHYSTS,9996,2,9995,25,,,10004,2,10005,25,,,10000.0,0.0
-2,18100,AMETHYSTS,9995,20,,,,,10005,20,,,,,10000.0,0.0
-2,18200,AMETHYSTS,9996,1,9995,25,,,10004,1,10005,25,,,10000.0,0.0
-2,18300,AMETHYSTS,9996,2,9995,23,,,10004,2,10005,23,,,10000.0,0.0
-2,18400,AMETHYSTS,9996,2,9995,23,,,10004,2,10005,23,,,10000.0,0.0
-2,18500,AMETHYSTS,9995,29,,,,,10000,2,10005,29,,,9997.5,0.0
-2,18600,AMETHYSTS,10002,1,9995,20,,,10005,20,,,,,10003.5,0.0
-2,18700,AMETHYSTS,9995,22,,,,,10005,22,,,,,10000.0,0.0
-2,18800,AMETHYSTS,9996,2,9995,26,,,10004,2,10005,26,,,10000.0,0.0
-2,18900,AMETHYSTS,9998,2,9995,22,,,10005,22,,,,,10001.5,0.0
-2,19000,AMETHYSTS,9996,2,9995,26,,,10004,2,10005,26,,,10000.0,0.0
-2,19100,AMETHYSTS,9996,2,9995,26,,,10004,2,10005,26,,,10000.0,0.0
-2,19200,AMETHYSTS,9996,1,9995,20,,,9998,1,10004,1,10005,20,9997.0,0.0
-2,19300,AMETHYSTS,9996,2,9995,21,,,10004,2,10005,21,,,10000.0,0.0
-2,19400,AMETHYSTS,9995,26,,,,,10005,26,,,,,10000.0,0.0
-2,19500,AMETHYSTS,9995,23,,,,,10005,23,,,,,10000.0,0.0
-2,19600,AMETHYSTS,9996,2,9995,27,,,10004,2,10005,27,,,10000.0,0.0
-2,19700,AMETHYSTS,10002,1,9996,2,9995,30,10004,2,10005,30,,,10003.0,0.0
-2,19800,AMETHYSTS,9996,2,9995,29,,,10004,2,10005,29,,,10000.0,0.0
-2,19900,AMETHYSTS,9996,2,9995,30,,,10004,2,10005,30,,,10000.0,0.0
-2,20000,AMETHYSTS,9995,27,,,,,10002,4,10005,27,,,9998.5,0.0
-2,20100,AMETHYSTS,10002,1,9996,1,9995,30,10004,1,10005,30,,,10003.0,0.0
-2,20200,AMETHYSTS,9995,29,,,,,9998,1,10005,29,,,9996.5,0.0
-2,20300,AMETHYSTS,9995,27,,,,,10005,27,,,,,10000.0,0.0
-2,20400,AMETHYSTS,9996,1,9995,28,,,10000,4,10004,1,10005,28,9998.0,0.0
-2,20500,AMETHYSTS,10000,3,9996,2,9995,30,10004,2,10005,30,,,10002.0,0.0
-2,20600,AMETHYSTS,9996,2,9995,26,,,10004,2,10005,26,,,10000.0,0.0
-2,20700,AMETHYSTS,10002,1,10000,6,9998,4,10005,22,,,,,10003.5,0.0
-2,20800,AMETHYSTS,9996,2,9995,22,,,10004,2,10005,22,,,10000.0,0.0
-2,20900,AMETHYSTS,9995,23,,,,,10005,23,,,,,10000.0,0.0
-2,21000,AMETHYSTS,9996,2,9995,26,,,10004,2,10005,26,,,10000.0,0.0
-2,21100,AMETHYSTS,9996,2,9995,22,,,10004,2,10005,22,,,10000.0,0.0
-2,21200,AMETHYSTS,9995,22,,,,,9998,1,10005,22,,,9996.5,0.0
-2,21300,AMETHYSTS,9996,1,9995,29,,,10002,7,10004,1,10005,29,9999.0,0.0
-2,21400,AMETHYSTS,9995,28,,,,,10005,28,,,,,10000.0,0.0
-2,21500,AMETHYSTS,9996,1,9995,20,,,10004,1,10005,20,,,10000.0,0.0
-2,21600,AMETHYSTS,10002,12,9996,2,9995,25,10004,2,10005,25,,,10003.0,0.0
-2,21700,AMETHYSTS,9998,8,9996,2,9995,29,10004,2,10005,29,,,10001.0,0.0
-2,21800,AMETHYSTS,9996,2,9995,22,,,10004,2,10005,22,,,10000.0,0.0
-2,21900,AMETHYSTS,10002,3,9996,1,9995,21,10004,1,10005,21,,,10003.0,0.0
-2,22000,AMETHYSTS,9995,21,,,,,10005,21,,,,,10000.0,0.0
-2,22100,AMETHYSTS,9996,2,9995,22,,,10002,7,10004,2,10005,22,9999.0,0.0
-2,22200,AMETHYSTS,9998,6,9996,1,9995,20,10004,1,10005,20,,,10001.0,0.0
-2,22300,AMETHYSTS,9996,1,9995,28,,,10004,1,10005,28,,,10000.0,0.0
-2,22400,AMETHYSTS,9996,2,9995,27,,,9998,1,10004,2,10005,27,9997.0,0.0
-2,22500,AMETHYSTS,9996,2,9995,29,,,10004,2,10005,29,,,10000.0,0.0
-2,22600,AMETHYSTS,10000,6,9998,6,9996,2,10004,2,10005,20,,,10002.0,0.0
-2,22700,AMETHYSTS,9996,2,9995,24,,,10004,2,10005,24,,,10000.0,0.0
-2,22800,AMETHYSTS,9996,1,9995,27,,,9998,2,10004,1,10005,27,9997.0,0.0
-2,22900,AMETHYSTS,9996,2,9995,30,,,10002,8,10004,2,10005,30,9999.0,0.0
-2,23000,AMETHYSTS,9996,1,9995,21,,,10004,1,10005,21,,,10000.0,0.0
-2,23100,AMETHYSTS,9998,8,9995,23,,,10005,23,,,,,10001.5,0.0
-2,23200,AMETHYSTS,9998,5,9996,2,9995,29,10004,2,10005,29,,,10001.0,0.0
-2,23300,AMETHYSTS,9996,1,9995,29,,,10004,1,10005,29,,,10000.0,0.0
-2,23400,AMETHYSTS,9996,1,9995,29,,,10004,1,10005,29,,,10000.0,0.0
-2,23500,AMETHYSTS,9998,8,9996,2,9995,28,10004,2,10005,28,,,10001.0,0.0
-2,23600,AMETHYSTS,9995,27,,,,,10005,27,,,,,10000.0,0.0
-2,23700,AMETHYSTS,10002,1,9996,2,9995,21,10004,2,10005,21,,,10003.0,0.0
-2,23800,AMETHYSTS,9995,30,,,,,10005,30,,,,,10000.0,0.0
-2,23900,AMETHYSTS,9995,30,,,,,10005,30,,,,,10000.0,0.0
-2,24000,AMETHYSTS,9998,9,9995,29,,,10005,29,,,,,10001.5,0.0
-2,24100,AMETHYSTS,9996,1,9995,25,,,10004,1,10005,25,,,10000.0,0.0
-2,24200,AMETHYSTS,9996,2,9995,28,,,10002,6,10004,2,10005,28,9999.0,0.0
-2,24300,AMETHYSTS,9996,2,9995,24,,,10002,1,10004,2,10005,24,9999.0,0.0
-2,24400,AMETHYSTS,10002,1,9998,4,9996,1,10004,1,10005,21,,,10003.0,0.0
-2,24500,AMETHYSTS,10002,1,9996,1,9995,25,10004,1,10005,25,,,10003.0,0.0
-2,24600,AMETHYSTS,9995,24,,,,,9998,2,10005,24,,,9996.5,0.0
-2,24700,AMETHYSTS,9995,25,,,,,10005,25,,,,,10000.0,0.0
-2,24800,AMETHYSTS,9995,23,,,,,10005,23,,,,,10000.0,0.0
-2,24900,AMETHYSTS,10002,1,9996,1,9995,22,10004,1,10005,22,,,10003.0,0.0
-2,25000,AMETHYSTS,9995,23,,,,,10005,23,,,,,10000.0,0.0
-2,25100,AMETHYSTS,10002,1,9995,25,,,10005,25,,,,,10003.5,0.0
-2,25200,AMETHYSTS,9996,1,9995,24,,,9998,5,10004,1,10005,24,9997.0,0.0
-2,25300,AMETHYSTS,9996,2,9995,22,,,10004,2,10005,22,,,10000.0,0.0
-2,25400,AMETHYSTS,9996,1,9995,29,,,10004,1,10005,29,,,10000.0,0.0
-2,25500,AMETHYSTS,9996,1,9995,20,,,9998,6,10002,9,10004,1,9997.0,0.0
-2,25600,AMETHYSTS,9996,1,9995,22,,,10002,7,10004,1,10005,22,9999.0,0.0
-2,25700,AMETHYSTS,9996,2,9995,30,,,10004,2,10005,30,,,10000.0,0.0
-2,25800,AMETHYSTS,10002,4,9995,24,,,10005,24,,,,,10003.5,0.0
-2,25900,AMETHYSTS,9996,2,9995,23,,,10004,2,10005,23,,,10000.0,0.0
-2,26000,AMETHYSTS,9996,2,9995,27,,,10004,2,10005,27,,,10000.0,0.0
-2,26100,AMETHYSTS,9998,7,9995,20,,,10005,20,,,,,10001.5,0.0
-2,26200,AMETHYSTS,9996,1,9995,22,,,10004,1,10005,22,,,10000.0,0.0
-2,26300,AMETHYSTS,9996,1,9995,29,,,9998,1,10004,1,10005,29,9997.0,0.0
-2,26400,AMETHYSTS,9995,22,,,,,10005,22,,,,,10000.0,0.0
-2,26500,AMETHYSTS,9996,1,9995,23,,,10004,1,10005,23,,,10000.0,0.0
-2,26600,AMETHYSTS,9996,2,9995,28,,,9998,1,10004,2,10005,28,9997.0,0.0
-2,26700,AMETHYSTS,9998,2,9996,1,9995,23,10004,1,10005,23,,,10001.0,0.0
-2,26800,AMETHYSTS,9996,2,9995,28,,,10004,2,10005,28,,,10000.0,0.0
-2,26900,AMETHYSTS,10002,1,9995,30,,,10005,30,,,,,10003.5,0.0
-2,27000,AMETHYSTS,9995,28,,,,,10002,1,10005,28,,,9998.5,0.0
-2,27100,AMETHYSTS,9995,24,,,,,10005,24,,,,,10000.0,0.0
-2,27200,AMETHYSTS,9998,2,9995,21,,,10005,21,,,,,10001.5,0.0
-2,27300,AMETHYSTS,9996,2,9995,29,,,10004,2,10005,29,,,10000.0,0.0
-2,27400,AMETHYSTS,9995,21,,,,,10005,21,,,,,10000.0,0.0
-2,27500,AMETHYSTS,9996,1,9995,22,,,10004,1,10005,22,,,10000.0,0.0
-2,27600,AMETHYSTS,9998,5,9995,24,,,10005,24,,,,,10001.5,0.0
-2,27700,AMETHYSTS,9995,24,,,,,10005,24,,,,,10000.0,0.0
-2,27800,AMETHYSTS,9998,9,9996,2,9995,26,10004,2,10005,26,,,10001.0,0.0
-2,27900,AMETHYSTS,9996,2,9995,27,,,10002,4,10004,2,10005,27,9999.0,0.0
-2,28000,AMETHYSTS,9998,2,9995,28,,,10005,28,,,,,10001.5,0.0
-2,28100,AMETHYSTS,9996,2,9995,24,,,10004,2,10005,24,,,10000.0,0.0
-2,28200,AMETHYSTS,9996,1,9995,25,,,9998,2,10004,1,10005,25,9997.0,0.0
-2,28300,AMETHYSTS,9996,1,9995,23,,,10004,1,10005,23,,,10000.0,0.0
-2,28400,AMETHYSTS,9996,2,9995,23,,,10004,2,10005,23,,,10000.0,0.0
-2,28500,AMETHYSTS,9998,10,9995,23,,,10005,23,,,,,10001.5,0.0
-2,28600,AMETHYSTS,10002,1,9996,2,9995,21,10004,2,10005,21,,,10003.0,0.0
-2,28700,AMETHYSTS,9995,30,,,,,10005,30,,,,,10000.0,0.0
-2,28800,AMETHYSTS,9995,27,,,,,10005,27,,,,,10000.0,0.0
-2,28900,AMETHYSTS,9998,7,9996,1,9995,21,10004,1,10005,21,,,10001.0,0.0
-2,29000,AMETHYSTS,9995,24,,,,,10005,24,,,,,10000.0,0.0
-2,29100,AMETHYSTS,9996,2,9995,26,,,10004,2,10005,26,,,10000.0,0.0
-2,29200,AMETHYSTS,9996,1,9995,30,,,10004,1,10005,30,,,10000.0,0.0
-2,29300,AMETHYSTS,9996,2,9995,30,,,10002,3,10004,2,10005,30,9999.0,0.0
-2,29400,AMETHYSTS,10002,1,9996,1,9995,25,10004,1,10005,25,,,10003.0,0.0
-2,29500,AMETHYSTS,9996,2,9995,27,,,10004,2,10005,27,,,10000.0,0.0
-2,29600,AMETHYSTS,9996,2,9995,28,,,10004,2,10005,28,,,10000.0,0.0
-2,29700,AMETHYSTS,9996,1,9995,25,,,10002,4,10004,1,10005,25,9999.0,0.0
-2,29800,AMETHYSTS,9998,6,9996,1,9995,30,10004,1,10005,30,,,10001.0,0.0
-2,29900,AMETHYSTS,9995,21,,,,,10005,21,,,,,10000.0,0.0
-2,30000,AMETHYSTS,9998,3,9996,1,9995,30,10004,1,10005,30,,,10001.0,0.0
-2,30100,AMETHYSTS,9996,2,9995,28,,,10004,2,10005,28,,,10000.0,0.0
-2,30200,AMETHYSTS,9996,2,9995,20,,,10004,2,10005,20,,,10000.0,0.0
-2,30300,AMETHYSTS,9996,2,9995,29,,,10002,9,10004,2,10005,29,9999.0,0.0
-2,30400,AMETHYSTS,10000,5,9996,2,9995,29,10002,8,10004,2,10005,29,10001.0,0.0
-2,30500,AMETHYSTS,9998,5,9996,2,9995,20,10004,2,10005,20,,,10001.0,0.0
-2,30600,AMETHYSTS,9996,2,9995,20,,,10002,4,10004,2,10005,20,9999.0,0.0
-2,30700,AMETHYSTS,9995,30,,,,,10005,30,,,,,10000.0,0.0
-2,30800,AMETHYSTS,9996,1,9995,30,,,10004,1,10005,30,,,10000.0,0.0
-2,30900,AMETHYSTS,9996,2,9995,28,,,10002,6,10004,2,10005,28,9999.0,0.0
-2,31000,AMETHYSTS,10000,4,9996,1,9995,22,10004,1,10005,22,,,10002.0,0.0
-2,31100,AMETHYSTS,9996,2,9995,27,,,10004,2,10005,27,,,10000.0,0.0
-2,31200,AMETHYSTS,9996,2,9995,29,,,10002,6,10004,2,10005,29,9999.0,0.0
-2,31300,AMETHYSTS,9996,1,9995,23,,,10004,1,10005,23,,,10000.0,0.0
-2,31400,AMETHYSTS,9995,26,,,,,9998,1,10005,26,,,9996.5,0.0
-2,31500,AMETHYSTS,9995,30,,,,,10005,30,,,,,10000.0,0.0
-2,31600,AMETHYSTS,9995,27,,,,,10005,27,,,,,10000.0,0.0
-2,31700,AMETHYSTS,9996,2,9995,22,,,10004,2,10005,22,,,10000.0,0.0
-2,31800,AMETHYSTS,10000,6,9996,1,9995,25,10004,1,10005,25,,,10002.0,0.0
-2,31900,AMETHYSTS,9998,3,9995,28,,,10005,28,,,,,10001.5,0.0
-2,32000,AMETHYSTS,9996,1,9995,24,,,10004,1,10005,24,,,10000.0,0.0
-2,32100,AMETHYSTS,9996,1,9995,28,,,10004,1,10005,28,,,10000.0,0.0
-2,32200,AMETHYSTS,9996,1,9995,27,,,10004,1,10005,27,,,10000.0,0.0
-2,32300,AMETHYSTS,9995,25,,,,,10005,25,,,,,10000.0,0.0
-2,32400,AMETHYSTS,9996,1,9995,30,,,10004,1,10005,30,,,10000.0,0.0
-2,32500,AMETHYSTS,9998,1,9996,1,9995,21,10004,1,10005,21,,,10001.0,0.0
-2,32600,AMETHYSTS,10002,1,9995,30,,,10005,30,,,,,10003.5,0.0
-2,32700,AMETHYSTS,9996,2,9995,22,,,10004,2,10005,22,,,10000.0,0.0
-2,32800,AMETHYSTS,9996,2,9995,28,,,10004,2,10005,28,,,10000.0,0.0
-2,32900,AMETHYSTS,9996,2,9995,27,,,10004,2,10005,27,,,10000.0,0.0
-2,33000,AMETHYSTS,9996,2,9995,28,,,10004,2,10005,28,,,10000.0,0.0
-2,33100,AMETHYSTS,9996,1,9995,28,,,10004,1,10005,28,,,10000.0,0.0
-2,33200,AMETHYSTS,9996,1,9995,20,,,10002,7,10004,1,10005,20,9999.0,0.0
-2,33300,AMETHYSTS,9996,1,9995,20,,,10004,1,10005,20,,,10000.0,0.0
-2,33400,AMETHYSTS,9996,2,9995,30,,,10002,3,10004,2,10005,30,9999.0,0.0
-2,33500,AMETHYSTS,9996,1,9995,20,,,10004,1,10005,20,,,10000.0,0.0
-2,33600,AMETHYSTS,10002,6,9995,27,,,10005,27,,,,,10003.5,0.0
-2,33700,AMETHYSTS,9996,1,9995,27,,,10002,1,10004,1,10005,27,9999.0,0.0
-2,33800,AMETHYSTS,9996,1,9995,25,,,10004,1,10005,25,,,10000.0,0.0
-2,33900,AMETHYSTS,9995,24,,,,,10005,24,,,,,10000.0,0.0
-2,34000,AMETHYSTS,10002,1,9995,30,,,10005,30,,,,,10003.5,0.0
-2,34100,AMETHYSTS,9996,1,9995,22,,,10004,1,10005,22,,,10000.0,0.0
-2,34200,AMETHYSTS,9995,23,,,,,10005,23,,,,,10000.0,0.0
-2,34300,AMETHYSTS,10002,1,9996,1,9995,22,10004,1,10005,22,,,10003.0,0.0
-2,34400,AMETHYSTS,9996,2,9995,23,,,10004,2,10005,23,,,10000.0,0.0
-2,34500,AMETHYSTS,9995,30,,,,,10005,30,,,,,10000.0,0.0
-2,34600,AMETHYSTS,9995,29,,,,,10005,29,,,,,10000.0,0.0
-2,34700,AMETHYSTS,9998,6,9995,24,,,10005,24,,,,,10001.5,0.0
-2,34800,AMETHYSTS,9996,2,9995,23,,,10004,2,10005,23,,,10000.0,0.0
-2,34900,AMETHYSTS,9996,1,9995,20,,,10004,1,10005,20,,,10000.0,0.0
-2,35000,AMETHYSTS,10002,1,9995,20,,,10005,20,,,,,10003.5,0.0
-2,35100,AMETHYSTS,10002,3,9996,2,9995,29,10004,2,10005,29,,,10003.0,0.0
-2,35200,AMETHYSTS,9996,2,9995,28,,,10002,10,10004,2,10005,28,9999.0,0.0
-2,35300,AMETHYSTS,9998,6,9996,1,9995,27,10004,1,10005,27,,,10001.0,0.0
-2,35400,AMETHYSTS,10002,3,9995,25,,,10005,25,,,,,10003.5,0.0
-2,35500,AMETHYSTS,9996,2,9995,26,,,10004,2,10005,26,,,10000.0,0.0
-2,35600,AMETHYSTS,9995,26,,,,,10005,26,,,,,10000.0,0.0
-2,35700,AMETHYSTS,9996,2,9995,27,,,10004,2,10005,27,,,10000.0,0.0
-2,35800,AMETHYSTS,9998,7,9996,1,9995,30,10004,1,10005,30,,,10001.0,0.0
-2,35900,AMETHYSTS,9996,2,9995,21,,,10004,2,10005,21,,,10000.0,0.0
-2,36000,AMETHYSTS,9995,30,,,,,10002,5,10005,30,,,9998.5,0.0
-2,36100,AMETHYSTS,10002,8,9996,2,9995,24,10004,2,10005,24,,,10003.0,0.0
-2,36200,AMETHYSTS,9996,1,9995,29,,,9998,1,10004,1,10005,29,9997.0,0.0
-2,36300,AMETHYSTS,9996,1,9995,21,,,10004,1,10005,21,,,10000.0,0.0
-2,36400,AMETHYSTS,9998,1,9996,1,9995,20,10004,1,10005,20,,,10001.0,0.0
-2,36500,AMETHYSTS,9995,25,,,,,10005,25,,,,,10000.0,0.0
-2,36600,AMETHYSTS,9996,1,9995,28,,,10004,1,10005,28,,,10000.0,0.0
-2,36700,AMETHYSTS,9995,21,,,,,10005,21,,,,,10000.0,0.0
-2,36800,AMETHYSTS,9995,30,,,,,10005,30,,,,,10000.0,0.0
-2,36900,AMETHYSTS,9996,1,9995,26,,,10004,1,10005,26,,,10000.0,0.0
-2,37000,AMETHYSTS,9996,2,9995,23,,,10004,2,10005,23,,,10000.0,0.0
-2,37100,AMETHYSTS,9996,2,9995,21,,,10004,2,10005,21,,,10000.0,0.0
-2,37200,AMETHYSTS,9996,1,9995,20,,,10004,1,10005,20,,,10000.0,0.0
-2,37300,AMETHYSTS,9996,1,9995,27,,,9998,10,10002,4,10004,1,9997.0,0.0
-2,37400,AMETHYSTS,10002,1,9998,2,9995,30,10005,30,,,,,10003.5,0.0
-2,37500,AMETHYSTS,9996,2,9995,25,,,10004,2,10005,25,,,10000.0,0.0
-2,37600,AMETHYSTS,9995,22,,,,,10002,7,10005,22,,,9998.5,0.0
-2,37700,AMETHYSTS,9996,1,9995,23,,,10004,1,10005,23,,,10000.0,0.0
-2,37800,AMETHYSTS,9995,25,,,,,10005,25,,,,,10000.0,0.0
-2,37900,AMETHYSTS,9995,25,,,,,10005,25,,,,,10000.0,0.0
-2,38000,AMETHYSTS,10002,1,9996,2,9995,30,10004,2,10005,30,,,10003.0,0.0
-2,38100,AMETHYSTS,9996,2,9995,26,,,10002,2,10004,2,10005,26,9999.0,0.0
-2,38200,AMETHYSTS,9996,1,9995,27,,,10004,1,10005,27,,,10000.0,0.0
-2,38300,AMETHYSTS,9998,5,9995,26,,,10005,26,,,,,10001.5,0.0
-2,38400,AMETHYSTS,9996,1,9995,23,,,10000,6,10004,1,10005,23,9998.0,0.0
-2,38500,AMETHYSTS,10002,1,9995,21,,,10005,21,,,,,10003.5,0.0
-2,38600,AMETHYSTS,9996,2,9995,28,,,10004,2,10005,28,,,10000.0,0.0
-2,38700,AMETHYSTS,9995,20,,,,,10005,20,,,,,10000.0,0.0
-2,38800,AMETHYSTS,9996,1,9995,20,,,10002,1,10004,1,10005,20,9999.0,0.0
-2,38900,AMETHYSTS,9996,2,9995,30,,,10004,2,10005,30,,,10000.0,0.0
-2,39000,AMETHYSTS,9995,23,,,,,10002,9,10005,23,,,9998.5,0.0
-2,39100,AMETHYSTS,9998,8,9996,1,9995,24,10004,1,10005,24,,,10001.0,0.0
-2,39200,AMETHYSTS,9996,1,9995,29,,,10004,1,10005,29,,,10000.0,0.0
-2,39300,AMETHYSTS,9995,27,,,,,10005,27,,,,,10000.0,0.0
-2,39400,AMETHYSTS,9996,1,9995,30,,,10004,1,10005,30,,,10000.0,0.0
-2,39500,AMETHYSTS,9995,27,,,,,9998,1,10002,2,10005,27,9996.5,0.0
-2,39600,AMETHYSTS,9995,23,,,,,10005,23,,,,,10000.0,0.0
-2,39700,AMETHYSTS,9996,2,9995,22,,,10004,2,10005,22,,,10000.0,0.0
-2,39800,AMETHYSTS,9996,1,9995,27,,,10004,1,10005,27,,,10000.0,0.0
-2,39900,AMETHYSTS,9996,1,9995,30,,,10002,4,10004,1,10005,30,9999.0,0.0
-2,40000,AMETHYSTS,9995,22,,,,,10005,22,,,,,10000.0,0.0
-2,40100,AMETHYSTS,9996,2,9995,29,,,10002,8,10004,2,10005,29,9999.0,0.0
-2,40200,AMETHYSTS,9996,1,9995,28,,,10004,1,10005,28,,,10000.0,0.0
-2,40300,AMETHYSTS,9995,22,,,,,9998,1,10005,22,,,9996.5,0.0
-2,40400,AMETHYSTS,9996,1,9995,23,,,10004,1,10005,23,,,10000.0,0.0
-2,40500,AMETHYSTS,10002,1,9996,2,9995,27,10004,2,10005,27,,,10003.0,0.0
-2,40600,AMETHYSTS,9996,2,9995,24,,,10004,2,10005,24,,,10000.0,0.0
-2,40700,AMETHYSTS,9998,7,9996,2,9995,20,10004,2,10005,20,,,10001.0,0.0
-2,40800,AMETHYSTS,9995,27,,,,,10005,27,,,,,10000.0,0.0
-2,40900,AMETHYSTS,9998,10,9996,2,9995,26,10004,2,10005,26,,,10001.0,0.0
-2,41000,AMETHYSTS,9995,21,,,,,10002,10,10005,21,,,9998.5,0.0
-2,41100,AMETHYSTS,9995,27,,,,,10005,27,,,,,10000.0,0.0
-2,41200,AMETHYSTS,9995,29,,,,,10005,29,,,,,10000.0,0.0
-2,41300,AMETHYSTS,9998,2,9996,1,9995,24,10004,1,10005,24,,,10001.0,0.0
-2,41400,AMETHYSTS,9998,5,9996,2,9995,23,10000,4,10004,2,10005,23,9999.0,0.0
-2,41500,AMETHYSTS,9998,8,9996,2,9995,20,10004,2,10005,20,,,10001.0,0.0
-2,41600,AMETHYSTS,9996,1,9995,22,,,10004,1,10005,22,,,10000.0,0.0
-2,41700,AMETHYSTS,10000,5,9995,21,,,10005,21,,,,,10002.5,0.0
-2,41800,AMETHYSTS,9996,2,9995,22,,,10004,2,10005,22,,,10000.0,0.0
-2,41900,AMETHYSTS,9996,1,9995,21,,,9998,4,10004,1,10005,21,9997.0,0.0
-2,42000,AMETHYSTS,9996,2,9995,30,,,10004,2,10005,30,,,10000.0,0.0
-2,42100,AMETHYSTS,9998,8,9996,2,9995,21,10004,2,10005,21,,,10001.0,0.0
-2,42200,AMETHYSTS,10002,1,9995,28,,,10005,28,,,,,10003.5,0.0
-2,42300,AMETHYSTS,9995,20,,,,,10005,20,,,,,10000.0,0.0
-2,42400,AMETHYSTS,9996,2,9995,29,,,10004,2,10005,29,,,10000.0,0.0
-2,42500,AMETHYSTS,9995,24,,,,,10002,3,10005,24,,,9998.5,0.0
-2,42600,AMETHYSTS,9995,26,,,,,10005,26,,,,,10000.0,0.0
-2,42700,AMETHYSTS,9995,26,,,,,10005,26,,,,,10000.0,0.0
-2,42800,AMETHYSTS,9995,30,,,,,10005,30,,,,,10000.0,0.0
-2,42900,AMETHYSTS,9995,25,,,,,10005,25,,,,,10000.0,0.0
-2,43000,AMETHYSTS,9995,23,,,,,10005,23,,,,,10000.0,0.0
-2,43100,AMETHYSTS,9995,21,,,,,10005,21,,,,,10000.0,0.0
-2,43200,AMETHYSTS,9996,1,9995,20,,,10004,1,10005,20,,,10000.0,0.0
-2,43300,AMETHYSTS,9996,1,9995,24,,,10004,1,10005,24,,,10000.0,0.0
-2,43400,AMETHYSTS,9996,2,9995,22,,,10004,2,10005,22,,,10000.0,0.0
-2,43500,AMETHYSTS,9998,7,9995,23,,,10005,23,,,,,10001.5,0.0
-2,43600,AMETHYSTS,9996,2,9995,21,,,10002,9,10004,2,10005,21,9999.0,0.0
-2,43700,AMETHYSTS,9996,1,9995,23,,,10004,1,10005,23,,,10000.0,0.0
-2,43800,AMETHYSTS,9996,2,9995,26,,,10004,2,10005,26,,,10000.0,0.0
-2,43900,AMETHYSTS,10002,4,9998,2,9996,1,10004,1,10005,29,,,10003.0,0.0
-2,44000,AMETHYSTS,9996,2,9995,20,,,10004,2,10005,20,,,10000.0,0.0
-2,44100,AMETHYSTS,9995,24,,,,,9998,1,10002,2,10005,24,9996.5,0.0
-2,44200,AMETHYSTS,9995,21,,,,,10005,21,,,,,10000.0,0.0
-2,44300,AMETHYSTS,9995,27,,,,,10005,27,,,,,10000.0,0.0
-2,44400,AMETHYSTS,9998,7,9995,28,,,10005,28,,,,,10001.5,0.0
-2,44500,AMETHYSTS,9995,21,,,,,10005,21,,,,,10000.0,0.0
-2,44600,AMETHYSTS,9996,1,9995,23,,,10004,1,10005,23,,,10000.0,0.0
-2,44700,AMETHYSTS,9995,29,,,,,10002,10,10005,29,,,9998.5,0.0
-2,44800,AMETHYSTS,9995,29,,,,,9998,1,10002,10,10005,29,9996.5,0.0
-2,44900,AMETHYSTS,9996,1,9995,25,,,10004,1,10005,25,,,10000.0,0.0
-2,45000,AMETHYSTS,10002,1,9996,2,9995,24,10004,2,10005,24,,,10003.0,0.0
-2,45100,AMETHYSTS,9996,1,9995,26,,,10004,1,10005,26,,,10000.0,0.0
-2,45200,AMETHYSTS,9996,1,9995,28,,,10004,1,10005,28,,,10000.0,0.0
-2,45300,AMETHYSTS,9995,22,,,,,10005,22,,,,,10000.0,0.0
-2,45400,AMETHYSTS,9996,2,9995,21,,,9998,1,10004,2,10005,21,9997.0,0.0
-2,45500,AMETHYSTS,9996,1,9995,24,,,10000,3,10004,1,10005,24,9998.0,0.0
-2,45600,AMETHYSTS,9995,26,,,,,10002,5,10005,26,,,9998.5,0.0
-2,45700,AMETHYSTS,9995,24,,,,,10005,24,,,,,10000.0,0.0
-2,45800,AMETHYSTS,9996,1,9995,27,,,10004,1,10005,27,,,10000.0,0.0
-2,45900,AMETHYSTS,9996,1,9995,30,,,10004,1,10005,30,,,10000.0,0.0
-2,46000,AMETHYSTS,9996,2,9995,24,,,10004,2,10005,24,,,10000.0,0.0
-2,46100,AMETHYSTS,9998,6,9996,2,9995,23,10004,2,10005,23,,,10001.0,0.0
-2,46200,AMETHYSTS,9998,2,9996,1,9995,27,10004,1,10005,27,,,10001.0,0.0
-2,46300,AMETHYSTS,9996,2,9995,27,,,10004,2,10005,27,,,10000.0,0.0
-2,46400,AMETHYSTS,9995,22,,,,,10005,22,,,,,10000.0,0.0
-2,46500,AMETHYSTS,10000,6,9996,1,9995,30,10004,1,10005,30,,,10002.0,0.0
-2,46600,AMETHYSTS,9998,10,9996,1,9995,27,10004,1,10005,27,,,10001.0,0.0
-2,46700,AMETHYSTS,9995,26,,,,,10005,26,,,,,10000.0,0.0
-2,46800,AMETHYSTS,9996,1,9995,21,,,10004,1,10005,21,,,10000.0,0.0
-2,46900,AMETHYSTS,9996,2,9995,30,,,10004,2,10005,30,,,10000.0,0.0
-2,47000,AMETHYSTS,9996,1,9995,20,,,10004,1,10005,20,,,10000.0,0.0
-2,47100,AMETHYSTS,9996,2,9995,24,,,9998,1,10004,2,10005,24,9997.0,0.0
-2,47200,AMETHYSTS,10002,1,9996,2,9995,28,10004,2,10005,28,,,10003.0,0.0
-2,47300,AMETHYSTS,10002,1,9998,3,9995,25,10005,25,,,,,10003.5,0.0
-2,47400,AMETHYSTS,9995,24,,,,,10002,9,10005,24,,,9998.5,0.0
-2,47500,AMETHYSTS,9995,30,,,,,10002,1,10005,30,,,9998.5,0.0
-2,47600,AMETHYSTS,9996,1,9995,27,,,10004,1,10005,27,,,10000.0,0.0
-2,47700,AMETHYSTS,9996,1,9995,22,,,10002,8,10004,1,10005,22,9999.0,0.0
-2,47800,AMETHYSTS,9996,1,9995,22,,,10002,8,10004,1,10005,22,9999.0,0.0
-2,47900,AMETHYSTS,10002,1,9995,27,,,10005,27,,,,,10003.5,0.0
-2,48000,AMETHYSTS,9995,27,,,,,10005,27,,,,,10000.0,0.0
-2,48100,AMETHYSTS,9995,21,,,,,10002,9,10005,21,,,9998.5,0.0
-2,48200,AMETHYSTS,9998,5,9995,25,,,10005,25,,,,,10001.5,0.0
-2,48300,AMETHYSTS,9996,1,9995,28,,,9998,1,10000,5,10004,1,9997.0,0.0
-2,48400,AMETHYSTS,9995,27,,,,,10002,7,10005,27,,,9998.5,0.0
-2,48500,AMETHYSTS,9995,29,,,,,9998,1,10005,29,,,9996.5,0.0
-2,48600,AMETHYSTS,9996,1,9995,28,,,10004,1,10005,28,,,10000.0,0.0
-2,48700,AMETHYSTS,9996,1,9995,22,,,10004,1,10005,22,,,10000.0,0.0
-2,48800,AMETHYSTS,9996,1,9995,23,,,10004,1,10005,23,,,10000.0,0.0
-2,48900,AMETHYSTS,9995,27,,,,,10005,27,,,,,10000.0,0.0
-2,49000,AMETHYSTS,9996,2,9995,30,,,10004,2,10005,30,,,10000.0,0.0
-2,49100,AMETHYSTS,9996,2,9995,30,,,10004,2,10005,30,,,10000.0,0.0
-2,49200,AMETHYSTS,9996,1,9995,20,,,10004,1,10005,20,,,10000.0,0.0
-2,49300,AMETHYSTS,9998,9,9996,1,9995,21,10004,1,10005,21,,,10001.0,0.0
-2,49400,AMETHYSTS,9995,20,,,,,10005,20,,,,,10000.0,0.0
-2,49500,AMETHYSTS,9996,2,9995,30,,,10004,2,10005,30,,,10000.0,0.0
-2,49600,AMETHYSTS,9995,24,,,,,10005,24,,,,,10000.0,0.0
-2,49700,AMETHYSTS,9998,7,9996,2,9995,26,10004,2,10005,26,,,10001.0,0.0
-2,49800,AMETHYSTS,9996,2,9995,23,,,10004,2,10005,23,,,10000.0,0.0
-2,49900,AMETHYSTS,9998,3,9995,23,,,10005,23,,,,,10001.5,0.0
-2,50000,AMETHYSTS,9996,1,9995,20,,,10004,1,10005,20,,,10000.0,0.0
-2,50100,AMETHYSTS,9995,24,,,,,10005,24,,,,,10000.0,0.0
-2,50200,AMETHYSTS,9995,24,,,,,10005,24,,,,,10000.0,0.0
-2,50300,AMETHYSTS,9995,30,,,,,10002,10,10005,30,,,9998.5,0.0
-2,50400,AMETHYSTS,9998,4,9996,1,9995,22,10000,2,10004,1,10005,22,9999.0,0.0
-2,50500,AMETHYSTS,9996,2,9995,23,,,10004,2,10005,23,,,10000.0,0.0
-2,50600,AMETHYSTS,10002,1,9996,2,9995,21,10004,2,10005,21,,,10003.0,0.0
-2,50700,AMETHYSTS,9996,2,9995,22,,,10004,2,10005,22,,,10000.0,0.0
-2,50800,AMETHYSTS,10002,5,9996,2,9995,22,10004,2,10005,22,,,10003.0,0.0
-2,50900,AMETHYSTS,9996,1,9995,27,,,10004,1,10005,27,,,10000.0,0.0
-2,51000,AMETHYSTS,9996,2,9995,26,,,10004,2,10005,26,,,10000.0,0.0
-2,51100,AMETHYSTS,9998,6,9996,1,9995,25,10004,1,10005,25,,,10001.0,0.0
-2,51200,AMETHYSTS,9996,2,9995,28,,,10004,2,10005,28,,,10000.0,0.0
-2,51300,AMETHYSTS,9996,1,9995,24,,,10004,1,10005,24,,,10000.0,0.0
-2,51400,AMETHYSTS,9995,30,,,,,10002,3,10005,30,,,9998.5,0.0
-2,51500,AMETHYSTS,9995,30,,,,,10005,30,,,,,10000.0,0.0
-2,51600,AMETHYSTS,10000,5,9996,2,9995,22,10002,1,10004,2,10005,22,10001.0,0.0
-2,51700,AMETHYSTS,9995,20,,,,,10005,20,,,,,10000.0,0.0
-2,51800,AMETHYSTS,9996,1,9995,24,,,10004,1,10005,24,,,10000.0,0.0
-2,51900,AMETHYSTS,9996,1,9995,23,,,10004,1,10005,23,,,10000.0,0.0
-2,52000,AMETHYSTS,9998,3,9995,29,,,10005,29,,,,,10001.5,0.0
-2,52100,AMETHYSTS,9995,21,,,,,10005,21,,,,,10000.0,0.0
-2,52200,AMETHYSTS,9996,2,9995,29,,,10004,2,10005,29,,,10000.0,0.0
-2,52300,AMETHYSTS,10002,1,9996,1,9995,27,10004,1,10005,27,,,10003.0,0.0
-2,52400,AMETHYSTS,9998,3,9996,1,9995,29,10004,1,10005,29,,,10001.0,0.0
-2,52500,AMETHYSTS,9996,1,9995,27,,,9998,1,10004,1,10005,27,9997.0,0.0
-2,52600,AMETHYSTS,9998,1,9996,1,9995,22,10000,4,10004,1,10005,22,9999.0,0.0
-2,52700,AMETHYSTS,9996,2,9995,25,,,10004,2,10005,25,,,10000.0,0.0
-2,52800,AMETHYSTS,9995,26,,,,,10005,26,,,,,10000.0,0.0
-2,52900,AMETHYSTS,9995,30,,,,,10005,30,,,,,10000.0,0.0
-2,53000,AMETHYSTS,10002,1,9996,1,9995,20,10004,1,10005,20,,,10003.0,0.0
-2,53100,AMETHYSTS,9995,24,,,,,10005,24,,,,,10000.0,0.0
-2,53200,AMETHYSTS,9996,1,9995,30,,,10004,1,10005,30,,,10000.0,0.0
-2,53300,AMETHYSTS,9995,29,,,,,10005,29,,,,,10000.0,0.0
-2,53400,AMETHYSTS,9998,6,9996,2,9995,23,10004,2,10005,23,,,10001.0,0.0
-2,53500,AMETHYSTS,9996,2,9995,21,,,10002,1,10004,2,10005,21,9999.0,0.0
-2,53600,AMETHYSTS,9995,24,,,,,9998,9,10005,24,,,9996.5,0.0
-2,53700,AMETHYSTS,9998,1,9995,30,,,10005,30,,,,,10001.5,0.0
-2,53800,AMETHYSTS,10002,3,9995,30,,,10005,30,,,,,10003.5,0.0
-2,53900,AMETHYSTS,9996,2,9995,25,,,10004,2,10005,25,,,10000.0,0.0
-2,54000,AMETHYSTS,9998,6,9996,1,9995,30,10004,1,10005,30,,,10001.0,0.0
-2,54100,AMETHYSTS,9998,2,9996,2,9995,22,10004,2,10005,22,,,10001.0,0.0
-2,54200,AMETHYSTS,9995,28,,,,,10005,28,,,,,10000.0,0.0
-2,54300,AMETHYSTS,9996,2,9995,23,,,10004,2,10005,23,,,10000.0,0.0
-2,54400,AMETHYSTS,9995,29,,,,,10005,29,,,,,10000.0,0.0
-2,54500,AMETHYSTS,9996,1,9995,20,,,10004,1,10005,20,,,10000.0,0.0
-2,54600,AMETHYSTS,10002,3,9995,27,,,10005,27,,,,,10003.5,0.0
-2,54700,AMETHYSTS,9996,2,9995,27,,,10004,2,10005,27,,,10000.0,0.0
-2,54800,AMETHYSTS,9998,8,9995,27,,,10005,27,,,,,10001.5,0.0
-2,54900,AMETHYSTS,9996,1,9995,28,,,10002,3,10004,1,10005,28,9999.0,0.0
-2,55000,AMETHYSTS,9996,2,9995,28,,,10002,8,10004,2,10005,28,9999.0,0.0
-2,55100,AMETHYSTS,9995,29,,,,,10005,29,,,,,10000.0,0.0
-2,55200,AMETHYSTS,9996,2,9995,21,,,10004,2,10005,21,,,10000.0,0.0
-2,55300,AMETHYSTS,9996,2,9995,27,,,9998,1,10002,2,10004,2,9997.0,0.0
-2,55400,AMETHYSTS,9998,3,9996,1,9995,21,10004,1,10005,21,,,10001.0,0.0
-2,55500,AMETHYSTS,9995,25,,,,,10002,9,10005,25,,,9998.5,0.0
-2,55600,AMETHYSTS,9995,26,,,,,10005,26,,,,,10000.0,0.0
-2,55700,AMETHYSTS,9996,2,9995,21,,,10004,2,10005,21,,,10000.0,0.0
-2,55800,AMETHYSTS,9998,6,9996,1,9995,26,10004,1,10005,26,,,10001.0,0.0
-2,55900,AMETHYSTS,9995,22,,,,,10005,22,,,,,10000.0,0.0
-2,56000,AMETHYSTS,9996,2,9995,22,,,10002,10,10004,2,10005,22,9999.0,0.0
-2,56100,AMETHYSTS,9996,2,9995,20,,,10004,2,10005,20,,,10000.0,0.0
-2,56200,AMETHYSTS,9996,1,9995,29,,,10004,1,10005,29,,,10000.0,0.0
-2,56300,AMETHYSTS,10002,1,9996,2,9995,25,10004,2,10005,25,,,10003.0,0.0
-2,56400,AMETHYSTS,9996,1,9995,30,,,10004,1,10005,30,,,10000.0,0.0
-2,56500,AMETHYSTS,9996,2,9995,27,,,10004,2,10005,27,,,10000.0,0.0
-2,56600,AMETHYSTS,9996,2,9995,29,,,10002,4,10004,2,10005,29,9999.0,0.0
-2,56700,AMETHYSTS,9998,3,9996,2,9995,24,10000,2,10004,2,10005,24,9999.0,0.0
-2,56800,AMETHYSTS,10002,1,9998,10,9996,2,10004,2,10005,22,,,10003.0,0.0
-2,56900,AMETHYSTS,9996,2,9995,20,,,10004,2,10005,20,,,10000.0,0.0
-2,57000,AMETHYSTS,9996,1,9995,27,,,10004,1,10005,27,,,10000.0,0.0
-2,57100,AMETHYSTS,9996,2,9995,25,,,10004,2,10005,25,,,10000.0,0.0
-2,57200,AMETHYSTS,10002,2,9996,1,9995,26,10004,1,10005,26,,,10003.0,0.0
-2,57300,AMETHYSTS,9996,1,9995,26,,,10002,9,10004,1,10005,26,9999.0,0.0
-2,57400,AMETHYSTS,9995,24,,,,,10005,24,,,,,10000.0,0.0
-2,57500,AMETHYSTS,9998,5,9996,2,9995,23,10004,2,10005,23,,,10001.0,0.0
-2,57600,AMETHYSTS,9995,24,,,,,10005,24,,,,,10000.0,0.0
-2,57700,AMETHYSTS,9995,29,,,,,10005,29,,,,,10000.0,0.0
-2,57800,AMETHYSTS,9998,1,9996,2,9995,29,10004,2,10005,29,,,10001.0,0.0
-2,57900,AMETHYSTS,9996,2,9995,25,,,9998,1,10000,6,10004,2,9997.0,0.0
-2,58000,AMETHYSTS,9996,1,9995,24,,,9998,4,10004,1,10005,24,9997.0,0.0
-2,58100,AMETHYSTS,9995,23,,,,,10005,23,,,,,10000.0,0.0
-2,58200,AMETHYSTS,9996,1,9995,30,,,10004,1,10005,30,,,10000.0,0.0
-2,58300,AMETHYSTS,9995,29,,,,,10005,29,,,,,10000.0,0.0
-2,58400,AMETHYSTS,9996,2,9995,21,,,10004,2,10005,21,,,10000.0,0.0
-2,58500,AMETHYSTS,9995,21,,,,,10002,1,10005,21,,,9998.5,0.0
-2,58600,AMETHYSTS,10002,1,9995,25,,,10005,25,,,,,10003.5,0.0
-2,58700,AMETHYSTS,9996,2,9995,30,,,10004,2,10005,30,,,10000.0,0.0
-2,58800,AMETHYSTS,9995,29,,,,,10002,1,10005,29,,,9998.5,0.0
-2,58900,AMETHYSTS,9996,1,9995,24,,,10004,1,10005,24,,,10000.0,0.0
-2,59000,AMETHYSTS,9996,2,9995,20,,,10004,2,10005,20,,,10000.0,0.0
-2,59100,AMETHYSTS,9995,27,,,,,10005,27,,,,,10000.0,0.0
-2,59200,AMETHYSTS,9998,4,9996,2,9995,29,10004,2,10005,29,,,10001.0,0.0
-2,59300,AMETHYSTS,9996,1,9995,26,,,10004,1,10005,26,,,10000.0,0.0
-2,59400,AMETHYSTS,9996,1,9995,21,,,10004,1,10005,21,,,10000.0,0.0
-2,59500,AMETHYSTS,10002,5,9995,23,,,10005,23,,,,,10003.5,0.0
-2,59600,AMETHYSTS,9996,2,9995,27,,,10004,2,10005,27,,,10000.0,0.0
-2,59700,AMETHYSTS,9995,21,,,,,10005,21,,,,,10000.0,0.0
-2,59800,AMETHYSTS,9996,1,9995,24,,,10004,1,10005,24,,,10000.0,0.0
-2,59900,AMETHYSTS,9996,1,9995,23,,,10002,6,10004,1,10005,23,9999.0,0.0
-2,60000,AMETHYSTS,9998,3,9995,22,,,10005,22,,,,,10001.5,0.0
-2,60100,AMETHYSTS,9996,2,9995,25,,,10004,2,10005,25,,,10000.0,0.0
-2,60200,AMETHYSTS,9995,25,,,,,10005,25,,,,,10000.0,0.0
-2,60300,AMETHYSTS,9996,1,9995,27,,,10004,1,10005,27,,,10000.0,0.0
-2,60400,AMETHYSTS,9996,1,9995,20,,,9998,1,10004,1,10005,20,9997.0,0.0
-2,60500,AMETHYSTS,9996,1,9995,23,,,10004,1,10005,23,,,10000.0,0.0
-2,60600,AMETHYSTS,9996,2,9995,22,,,10004,2,10005,22,,,10000.0,0.0
-2,60700,AMETHYSTS,9995,22,,,,,10005,22,,,,,10000.0,0.0
-2,60800,AMETHYSTS,10002,10,9996,2,9995,30,10004,2,10005,30,,,10003.0,0.0
-2,60900,AMETHYSTS,9996,2,9995,29,,,10004,2,10005,29,,,10000.0,0.0
-2,61000,AMETHYSTS,9995,28,,,,,10005,28,,,,,10000.0,0.0
-2,61100,AMETHYSTS,9995,29,,,,,10005,29,,,,,10000.0,0.0
-2,61200,AMETHYSTS,9998,9,9996,1,9995,21,10000,2,10004,1,10005,21,9999.0,0.0
-2,61300,AMETHYSTS,9996,1,9995,22,,,10004,1,10005,22,,,10000.0,0.0
-2,61400,AMETHYSTS,9996,1,9995,30,,,10004,1,10005,30,,,10000.0,0.0
-2,61500,AMETHYSTS,9996,2,9995,27,,,10004,2,10005,27,,,10000.0,0.0
-2,61600,AMETHYSTS,9996,2,9995,28,,,10004,2,10005,28,,,10000.0,0.0
-2,61700,AMETHYSTS,9996,1,9995,26,,,10004,1,10005,26,,,10000.0,0.0
-2,61800,AMETHYSTS,9995,20,,,,,10005,20,,,,,10000.0,0.0
-2,61900,AMETHYSTS,9995,26,,,,,9998,1,10005,26,,,9996.5,0.0
-2,62000,AMETHYSTS,9995,20,,,,,10005,20,,,,,10000.0,0.0
-2,62100,AMETHYSTS,9996,2,9995,23,,,10004,2,10005,23,,,10000.0,0.0
-2,62200,AMETHYSTS,9995,25,,,,,10002,3,10005,25,,,9998.5,0.0
-2,62300,AMETHYSTS,9995,22,,,,,10005,22,,,,,10000.0,0.0
-2,62400,AMETHYSTS,9996,2,9995,23,,,10004,2,10005,23,,,10000.0,0.0
-2,62500,AMETHYSTS,9996,1,9995,23,,,10004,1,10005,23,,,10000.0,0.0
-2,62600,AMETHYSTS,9995,29,,,,,10005,29,,,,,10000.0,0.0
-2,62700,AMETHYSTS,9996,2,9995,24,,,10004,2,10005,24,,,10000.0,0.0
-2,62800,AMETHYSTS,9995,26,,,,,10005,26,,,,,10000.0,0.0
-2,62900,AMETHYSTS,9996,2,9995,27,,,9998,4,10004,2,10005,27,9997.0,0.0
-2,63000,AMETHYSTS,9995,29,,,,,10005,29,,,,,10000.0,0.0
-2,63100,AMETHYSTS,9996,2,9995,24,,,10004,2,10005,24,,,10000.0,0.0
-2,63200,AMETHYSTS,9995,28,,,,,10005,28,,,,,10000.0,0.0
-2,63300,AMETHYSTS,9996,2,9995,30,,,10004,2,10005,30,,,10000.0,0.0
-2,63400,AMETHYSTS,9996,2,9995,24,,,10004,2,10005,24,,,10000.0,0.0
-2,63500,AMETHYSTS,9998,8,9995,20,,,10005,20,,,,,10001.5,0.0
-2,63600,AMETHYSTS,9995,21,,,,,10005,21,,,,,10000.0,0.0
-2,63700,AMETHYSTS,9996,2,9995,28,,,10002,6,10004,2,10005,28,9999.0,0.0
-2,63800,AMETHYSTS,9996,1,9995,21,,,10004,1,10005,21,,,10000.0,0.0
-2,63900,AMETHYSTS,9995,21,,,,,10005,21,,,,,10000.0,0.0
-2,64000,AMETHYSTS,9998,6,9995,30,,,10005,30,,,,,10001.5,0.0
-2,64100,AMETHYSTS,9995,27,,,,,10002,6,10005,27,,,9998.5,0.0
-2,64200,AMETHYSTS,9996,1,9995,24,,,10004,1,10005,24,,,10000.0,0.0
-2,64300,AMETHYSTS,9998,7,9996,1,9995,22,10004,1,10005,22,,,10001.0,0.0
-2,64400,AMETHYSTS,9998,8,9996,2,9995,27,10004,2,10005,27,,,10001.0,0.0
-2,64500,AMETHYSTS,9998,5,9996,2,9995,27,10004,2,10005,27,,,10001.0,0.0
-2,64600,AMETHYSTS,9995,26,,,,,10005,26,,,,,10000.0,0.0
-2,64700,AMETHYSTS,9995,28,,,,,10005,28,,,,,10000.0,0.0
-2,64800,AMETHYSTS,9996,2,9995,30,,,10004,2,10005,30,,,10000.0,0.0
-2,64900,AMETHYSTS,9996,2,9995,29,,,10004,2,10005,29,,,10000.0,0.0
-2,65000,AMETHYSTS,9995,25,,,,,9998,1,10005,25,,,9996.5,0.0
-2,65100,AMETHYSTS,9996,2,9995,23,,,10004,2,10005,23,,,10000.0,0.0
-2,65200,AMETHYSTS,9998,8,9995,29,,,10005,29,,,,,10001.5,0.0
-2,65300,AMETHYSTS,9995,21,,,,,10002,3,10005,21,,,9998.5,0.0
-2,65400,AMETHYSTS,9996,2,9995,26,,,10000,3,10004,2,10005,26,9998.0,0.0
-2,65500,AMETHYSTS,9996,2,9995,27,,,10004,2,10005,27,,,10000.0,0.0
-2,65600,AMETHYSTS,9998,5,9995,20,,,10005,20,,,,,10001.5,0.0
-2,65700,AMETHYSTS,9995,29,,,,,10005,29,,,,,10000.0,0.0
-2,65800,AMETHYSTS,9998,9,9995,20,,,10005,20,,,,,10001.5,0.0
-2,65900,AMETHYSTS,9996,1,9995,23,,,10004,1,10005,23,,,10000.0,0.0
-2,66000,AMETHYSTS,9998,4,9996,2,9995,22,10004,2,10005,22,,,10001.0,0.0
-2,66100,AMETHYSTS,9996,1,9995,26,,,9998,1,10004,1,10005,26,9997.0,0.0
-2,66200,AMETHYSTS,10002,1,10000,5,9995,20,10005,20,,,,,10003.5,0.0
-2,66300,AMETHYSTS,9996,1,9995,24,,,10004,1,10005,24,,,10000.0,0.0
-2,66400,AMETHYSTS,9995,21,,,,,9998,3,10005,21,,,9996.5,0.0
-2,66500,AMETHYSTS,9996,2,9995,20,,,10004,2,10005,20,,,10000.0,0.0
-2,66600,AMETHYSTS,9995,22,,,,,10005,22,,,,,10000.0,0.0
-2,66700,AMETHYSTS,9998,9,9995,27,,,10005,27,,,,,10001.5,0.0
-2,66800,AMETHYSTS,9995,30,,,,,10005,30,,,,,10000.0,0.0
-2,66900,AMETHYSTS,9998,4,9995,23,,,10005,23,,,,,10001.5,0.0
-2,67000,AMETHYSTS,9996,1,9995,24,,,10004,1,10005,24,,,10000.0,0.0
-2,67100,AMETHYSTS,9995,23,,,,,10005,23,,,,,10000.0,0.0
-2,67200,AMETHYSTS,9996,2,9995,20,,,10002,3,10004,2,10005,20,9999.0,0.0
-2,67300,AMETHYSTS,9995,30,,,,,9998,3,10005,30,,,9996.5,0.0
-2,67400,AMETHYSTS,9998,4,9996,1,9995,25,10004,1,10005,25,,,10001.0,0.0
-2,67500,AMETHYSTS,9995,21,,,,,10005,21,,,,,10000.0,0.0
-2,67600,AMETHYSTS,9996,2,9995,25,,,10004,2,10005,25,,,10000.0,0.0
-2,67700,AMETHYSTS,9996,1,9995,29,,,10004,1,10005,29,,,10000.0,0.0
-2,67800,AMETHYSTS,9998,3,9995,30,,,10005,30,,,,,10001.5,0.0
-2,67900,AMETHYSTS,9995,25,,,,,10005,25,,,,,10000.0,0.0
-2,68000,AMETHYSTS,9996,2,9995,21,,,10004,2,10005,21,,,10000.0,0.0
-2,68100,AMETHYSTS,9996,2,9995,29,,,10004,2,10005,29,,,10000.0,0.0
-2,68200,AMETHYSTS,9996,2,9995,29,,,10004,2,10005,29,,,10000.0,0.0
-2,68300,AMETHYSTS,9996,1,9995,28,,,10004,1,10005,28,,,10000.0,0.0
-2,68400,AMETHYSTS,9996,2,9995,26,,,10004,2,10005,26,,,10000.0,0.0
-2,68500,AMETHYSTS,9995,23,,,,,10002,5,10005,23,,,9998.5,0.0
-2,68600,AMETHYSTS,9996,1,9995,24,,,10004,1,10005,24,,,10000.0,0.0
-2,68700,AMETHYSTS,9996,1,9995,27,,,10004,1,10005,27,,,10000.0,0.0
-2,68800,AMETHYSTS,9995,22,,,,,9998,1,10005,22,,,9996.5,0.0
-2,68900,AMETHYSTS,9996,1,9995,27,,,10004,1,10005,27,,,10000.0,0.0
-2,69000,AMETHYSTS,9996,2,9995,28,,,10004,2,10005,28,,,10000.0,0.0
-2,69100,AMETHYSTS,9998,9,9996,1,9995,30,10004,1,10005,30,,,10001.0,0.0
-2,69200,AMETHYSTS,9996,2,9995,28,,,10004,2,10005,28,,,10000.0,0.0
-2,69300,AMETHYSTS,9995,21,,,,,9998,1,10005,21,,,9996.5,0.0
-2,69400,AMETHYSTS,10002,1,9998,2,9996,1,10004,1,10005,25,,,10003.0,0.0
-2,69500,AMETHYSTS,9998,1,9996,2,9995,24,10004,2,10005,24,,,10001.0,0.0
-2,69600,AMETHYSTS,9995,23,,,,,10005,23,,,,,10000.0,0.0
-2,69700,AMETHYSTS,10002,1,9996,1,9995,20,10004,1,10005,20,,,10003.0,0.0
-2,69800,AMETHYSTS,9996,1,9995,23,,,10004,1,10005,23,,,10000.0,0.0
-2,69900,AMETHYSTS,9996,2,9995,27,,,10004,2,10005,27,,,10000.0,0.0
-2,70000,AMETHYSTS,9996,2,9995,27,,,10004,2,10005,27,,,10000.0,0.0
-2,70100,AMETHYSTS,9996,2,9995,22,,,10004,2,10005,22,,,10000.0,0.0
-2,70200,AMETHYSTS,9996,1,9995,21,,,10004,1,10005,21,,,10000.0,0.0
-2,70300,AMETHYSTS,9996,1,9995,25,,,9998,2,10004,1,10005,25,9997.0,0.0
-2,70400,AMETHYSTS,9995,26,,,,,10005,26,,,,,10000.0,0.0
-2,70500,AMETHYSTS,9995,23,,,,,10000,3,10005,23,,,9997.5,0.0
-2,70600,AMETHYSTS,9996,1,9995,27,,,10004,1,10005,27,,,10000.0,0.0
-2,70700,AMETHYSTS,9995,26,,,,,10005,26,,,,,10000.0,0.0
-2,70800,AMETHYSTS,10002,1,9995,27,,,10005,27,,,,,10003.5,0.0
-2,70900,AMETHYSTS,9996,2,9995,30,,,10004,2,10005,30,,,10000.0,0.0
-2,71000,AMETHYSTS,9996,1,9995,29,,,10002,5,10004,1,10005,29,9999.0,0.0
-2,71100,AMETHYSTS,9998,9,9996,1,9995,21,10004,1,10005,21,,,10001.0,0.0
-2,71200,AMETHYSTS,10002,1,9996,1,9995,28,10004,1,10005,28,,,10003.0,0.0
-2,71300,AMETHYSTS,9996,2,9995,26,,,10002,4,10004,2,10005,26,9999.0,0.0
-2,71400,AMETHYSTS,9996,2,9995,24,,,10002,3,10004,2,10005,24,9999.0,0.0
-2,71500,AMETHYSTS,10002,1,9996,2,9995,26,10004,2,10005,26,,,10003.0,0.0
-2,71600,AMETHYSTS,9996,1,9995,27,,,9998,3,10004,1,10005,27,9997.0,0.0
-2,71700,AMETHYSTS,9996,2,9995,29,,,10004,2,10005,29,,,10000.0,0.0
-2,71800,AMETHYSTS,10002,1,9996,2,9995,25,10004,2,10005,25,,,10003.0,0.0
-2,71900,AMETHYSTS,10002,1,9996,1,9995,25,10004,1,10005,25,,,10003.0,0.0
-2,72000,AMETHYSTS,9996,1,9995,20,,,10004,1,10005,20,,,10000.0,0.0
-2,72100,AMETHYSTS,9995,21,,,,,10005,21,,,,,10000.0,0.0
-2,72200,AMETHYSTS,9996,2,9995,29,,,10004,2,10005,29,,,10000.0,0.0
-2,72300,AMETHYSTS,9996,1,9995,22,,,10002,8,10004,1,10005,22,9999.0,0.0
-2,72400,AMETHYSTS,10002,1,9996,2,9995,20,10004,2,10005,20,,,10003.0,0.0
-2,72500,AMETHYSTS,9996,2,9995,25,,,10004,2,10005,25,,,10000.0,0.0
-2,72600,AMETHYSTS,9996,2,9995,27,,,10004,2,10005,27,,,10000.0,0.0
-2,72700,AMETHYSTS,9995,23,,,,,10005,23,,,,,10000.0,0.0
-2,72800,AMETHYSTS,9995,20,,,,,10005,20,,,,,10000.0,0.0
-2,72900,AMETHYSTS,9998,1,9996,2,9995,22,10004,2,10005,22,,,10001.0,0.0
-2,73000,AMETHYSTS,9996,1,9995,21,,,10002,7,10004,1,10005,21,9999.0,0.0
-2,73100,AMETHYSTS,9996,2,9995,29,,,10002,3,10004,2,10005,29,9999.0,0.0
-2,73200,AMETHYSTS,9995,21,,,,,10005,21,,,,,10000.0,0.0
-2,73300,AMETHYSTS,9996,1,9995,29,,,10004,1,10005,29,,,10000.0,0.0
-2,73400,AMETHYSTS,9995,30,,,,,9998,1,10005,30,,,9996.5,0.0
-2,73500,AMETHYSTS,9996,2,9995,23,,,10004,2,10005,23,,,10000.0,0.0
-2,73600,AMETHYSTS,9996,1,9995,24,,,10004,1,10005,24,,,10000.0,0.0
-2,73700,AMETHYSTS,9995,24,,,,,10005,24,,,,,10000.0,0.0
-2,73800,AMETHYSTS,9995,24,,,,,10005,24,,,,,10000.0,0.0
-2,73900,AMETHYSTS,9995,30,,,,,10005,30,,,,,10000.0,0.0
-2,74000,AMETHYSTS,10002,1,9998,10,9996,2,10004,2,10005,24,,,10003.0,0.0
-2,74100,AMETHYSTS,10000,6,9996,2,9995,30,10004,2,10005,30,,,10002.0,0.0
-2,74200,AMETHYSTS,9996,2,9995,20,,,10002,6,10004,2,10005,20,9999.0,0.0
-2,74300,AMETHYSTS,9996,2,9995,30,,,10002,6,10004,2,10005,30,9999.0,0.0
-2,74400,AMETHYSTS,9995,30,,,,,10005,30,,,,,10000.0,0.0
-2,74500,AMETHYSTS,10000,3,9995,29,,,10005,29,,,,,10002.5,0.0
-2,74600,AMETHYSTS,10002,1,9998,7,9995,29,10005,29,,,,,10003.5,0.0
-2,74700,AMETHYSTS,9996,2,9995,30,,,10004,2,10005,30,,,10000.0,0.0
-2,74800,AMETHYSTS,9998,9,9996,1,9995,25,10004,1,10005,25,,,10001.0,0.0
-2,74900,AMETHYSTS,10002,1,9996,1,9995,30,10004,1,10005,30,,,10003.0,0.0
-2,75000,AMETHYSTS,9995,27,,,,,9998,1,10005,27,,,9996.5,0.0
-2,75100,AMETHYSTS,9995,30,,,,,10005,30,,,,,10000.0,0.0
-2,75200,AMETHYSTS,9998,2,9996,2,9995,24,10004,2,10005,24,,,10001.0,0.0
-2,75300,AMETHYSTS,9996,1,9995,28,,,10004,1,10005,28,,,10000.0,0.0
-2,75400,AMETHYSTS,9996,1,9995,30,,,10004,1,10005,30,,,10000.0,0.0
-2,75500,AMETHYSTS,9996,2,9995,28,,,10004,2,10005,28,,,10000.0,0.0
-2,75600,AMETHYSTS,10002,1,9996,2,9995,26,10004,2,10005,26,,,10003.0,0.0
-2,75700,AMETHYSTS,9996,1,9995,26,,,10004,1,10005,26,,,10000.0,0.0
-2,75800,AMETHYSTS,9998,5,9996,1,9995,29,10004,1,10005,29,,,10001.0,0.0
-2,75900,AMETHYSTS,9995,21,,,,,10002,8,10005,21,,,9998.5,0.0
-2,76000,AMETHYSTS,9998,2,9996,2,9995,30,10004,2,10005,30,,,10001.0,0.0
-2,76100,AMETHYSTS,9996,1,9995,20,,,9998,1,10004,1,10005,20,9997.0,0.0
-2,76200,AMETHYSTS,9996,1,9995,21,,,10004,1,10005,21,,,10000.0,0.0
-2,76300,AMETHYSTS,9995,27,,,,,10005,27,,,,,10000.0,0.0
-2,76400,AMETHYSTS,9998,4,9995,28,,,10005,28,,,,,10001.5,0.0
-2,76500,AMETHYSTS,9996,1,9995,27,,,10004,1,10005,27,,,10000.0,0.0
-2,76600,AMETHYSTS,9996,2,9995,28,,,10004,2,10005,28,,,10000.0,0.0
-2,76700,AMETHYSTS,9996,1,9995,25,,,10004,1,10005,25,,,10000.0,0.0
-2,76800,AMETHYSTS,9995,25,,,,,10005,25,,,,,10000.0,0.0
-2,76900,AMETHYSTS,9998,5,9995,24,,,10005,24,,,,,10001.5,0.0
-2,77000,AMETHYSTS,9996,1,9995,26,,,10002,4,10004,1,10005,26,9999.0,0.0
-2,77100,AMETHYSTS,10000,3,9998,9,9996,1,10004,1,10005,29,,,10002.0,0.0
-2,77200,AMETHYSTS,9996,1,9995,27,,,10004,1,10005,27,,,10000.0,0.0
-2,77300,AMETHYSTS,9996,2,9995,22,,,10004,2,10005,22,,,10000.0,0.0
-2,77400,AMETHYSTS,9995,30,,,,,10002,2,10005,30,,,9998.5,0.0
-2,77500,AMETHYSTS,9996,2,9995,28,,,10004,2,10005,28,,,10000.0,0.0
-2,77600,AMETHYSTS,9996,2,9995,25,,,10004,2,10005,25,,,10000.0,0.0
-2,77700,AMETHYSTS,9995,26,,,,,10005,26,,,,,10000.0,0.0
-2,77800,AMETHYSTS,9996,1,9995,25,,,10004,1,10005,25,,,10000.0,0.0
-2,77900,AMETHYSTS,10002,3,9996,2,9995,30,10004,2,10005,30,,,10003.0,0.0
-2,78000,AMETHYSTS,9995,23,,,,,9998,11,10005,23,,,9996.5,0.0
-2,78100,AMETHYSTS,10002,1,9996,2,9995,22,10004,2,10005,22,,,10003.0,0.0
-2,78200,AMETHYSTS,9998,7,9995,27,,,10005,27,,,,,10001.5,0.0
-2,78300,AMETHYSTS,9995,30,,,,,10005,30,,,,,10000.0,0.0
-2,78400,AMETHYSTS,9995,26,,,,,10005,26,,,,,10000.0,0.0
-2,78500,AMETHYSTS,9998,4,9996,1,9995,22,10004,1,10005,22,,,10001.0,0.0
-2,78600,AMETHYSTS,9995,22,,,,,10002,4,10005,22,,,9998.5,0.0
-2,78700,AMETHYSTS,9996,2,9995,30,,,9998,1,10004,2,10005,30,9997.0,0.0
-2,78800,AMETHYSTS,10002,1,9995,23,,,10005,23,,,,,10003.5,0.0
-2,78900,AMETHYSTS,10002,1,9995,26,,,10005,26,,,,,10003.5,0.0
-2,79000,AMETHYSTS,9998,2,9995,28,,,10005,28,,,,,10001.5,0.0
-2,79100,AMETHYSTS,9996,1,9995,23,,,10004,1,10005,23,,,10000.0,0.0
-2,79200,AMETHYSTS,9996,1,9995,20,,,9998,3,10004,1,10005,20,9997.0,0.0
-2,79300,AMETHYSTS,9998,3,9996,1,9995,29,10004,1,10005,29,,,10001.0,0.0
-2,79400,AMETHYSTS,9998,6,9996,2,9995,26,10004,2,10005,26,,,10001.0,0.0
-2,79500,AMETHYSTS,9996,2,9995,24,,,10004,2,10005,24,,,10000.0,0.0
-2,79600,AMETHYSTS,9995,25,,,,,10002,8,10005,25,,,9998.5,0.0
-2,79700,AMETHYSTS,9995,24,,,,,10005,24,,,,,10000.0,0.0
-2,79800,AMETHYSTS,10002,1,9995,21,,,10005,21,,,,,10003.5,0.0
-2,79900,AMETHYSTS,9998,1,9996,1,9995,29,10004,1,10005,29,,,10001.0,0.0
-2,80000,AMETHYSTS,9996,2,9995,30,,,10004,2,10005,30,,,10000.0,0.0
-2,80100,AMETHYSTS,9996,2,9995,27,,,10004,2,10005,27,,,10000.0,0.0
-2,80200,AMETHYSTS,9995,28,,,,,10005,28,,,,,10000.0,0.0
-2,80300,AMETHYSTS,9996,1,9995,26,,,10004,1,10005,26,,,10000.0,0.0
-2,80400,AMETHYSTS,9996,1,9995,25,,,10004,1,10005,25,,,10000.0,0.0
-2,80500,AMETHYSTS,9996,2,9995,26,,,10000,6,10004,2,10005,26,9998.0,0.0
-2,80600,AMETHYSTS,9996,2,9995,24,,,10002,9,10004,2,10005,24,9999.0,0.0
-2,80700,AMETHYSTS,9996,1,9995,30,,,10004,1,10005,30,,,10000.0,0.0
-2,80800,AMETHYSTS,9996,1,9995,29,,,10002,3,10004,1,10005,29,9999.0,0.0
-2,80900,AMETHYSTS,9995,21,,,,,10002,5,10005,21,,,9998.5,0.0
-2,81000,AMETHYSTS,9995,29,,,,,10005,29,,,,,10000.0,0.0
-2,81100,AMETHYSTS,9996,1,9995,25,,,10004,1,10005,25,,,10000.0,0.0
-2,81200,AMETHYSTS,9995,22,,,,,10005,22,,,,,10000.0,0.0
-2,81300,AMETHYSTS,9996,1,9995,30,,,10004,1,10005,30,,,10000.0,0.0
-2,81400,AMETHYSTS,9996,1,9995,25,,,10004,1,10005,25,,,10000.0,0.0
-2,81500,AMETHYSTS,9996,2,9995,23,,,10004,2,10005,23,,,10000.0,0.0
-2,81600,AMETHYSTS,9996,2,9995,24,,,10004,2,10005,24,,,10000.0,0.0
-2,81700,AMETHYSTS,9996,1,9995,23,,,10004,1,10005,23,,,10000.0,0.0
-2,81800,AMETHYSTS,10002,1,9996,2,9995,23,10004,2,10005,23,,,10003.0,0.0
-2,81900,AMETHYSTS,9996,1,9995,29,,,9998,1,10004,1,10005,29,9997.0,0.0
-2,82000,AMETHYSTS,9995,22,,,,,10005,22,,,,,10000.0,0.0
-2,82100,AMETHYSTS,9996,2,9995,25,,,10004,2,10005,25,,,10000.0,0.0
-2,82200,AMETHYSTS,10002,1,9998,5,9996,2,10004,2,10005,23,,,10003.0,0.0
-2,82300,AMETHYSTS,9996,2,9995,26,,,10004,2,10005,26,,,10000.0,0.0
-2,82400,AMETHYSTS,9996,1,9995,20,,,10004,1,10005,20,,,10000.0,0.0
-2,82500,AMETHYSTS,9996,2,9995,21,,,10004,2,10005,21,,,10000.0,0.0
-2,82600,AMETHYSTS,9996,2,9995,25,,,10002,8,10004,2,10005,25,9999.0,0.0
-2,82700,AMETHYSTS,9998,1,9996,1,9995,21,10004,1,10005,21,,,10001.0,0.0
-2,82800,AMETHYSTS,9996,2,9995,20,,,10002,1,10004,2,10005,20,9999.0,0.0
-2,82900,AMETHYSTS,9995,21,,,,,9998,1,10005,21,,,9996.5,0.0
-2,83000,AMETHYSTS,9996,1,9995,24,,,10004,1,10005,24,,,10000.0,0.0
-2,83100,AMETHYSTS,9996,2,9995,27,,,9998,1,10004,2,10005,27,9997.0,0.0
-2,83200,AMETHYSTS,9996,2,9995,25,,,10004,2,10005,25,,,10000.0,0.0
-2,83300,AMETHYSTS,9996,1,9995,25,,,10004,1,10005,25,,,10000.0,0.0
-2,83400,AMETHYSTS,9996,2,9995,26,,,10002,8,10004,2,10005,26,9999.0,0.0
-2,83500,AMETHYSTS,9996,1,9995,26,,,10004,1,10005,26,,,10000.0,0.0
-2,83600,AMETHYSTS,9996,1,9995,22,,,10004,1,10005,22,,,10000.0,0.0
-2,83700,AMETHYSTS,9996,2,9995,23,,,10004,2,10005,23,,,10000.0,0.0
-2,83800,AMETHYSTS,9996,2,9995,28,,,10004,2,10005,28,,,10000.0,0.0
-2,83900,AMETHYSTS,9995,27,,,,,10005,27,,,,,10000.0,0.0
-2,84000,AMETHYSTS,9996,1,9995,24,,,9998,1,10004,1,10005,24,9997.0,0.0
-2,84100,AMETHYSTS,9996,1,9995,20,,,10004,1,10005,20,,,10000.0,0.0
-2,84200,AMETHYSTS,9996,2,9995,27,,,10004,2,10005,27,,,10000.0,0.0
-2,84300,AMETHYSTS,9998,7,9996,2,9995,30,10004,2,10005,30,,,10001.0,0.0
-2,84400,AMETHYSTS,9995,20,,,,,10005,20,,,,,10000.0,0.0
-2,84500,AMETHYSTS,9998,3,9996,2,9995,22,10004,2,10005,22,,,10001.0,0.0
-2,84600,AMETHYSTS,9996,2,9995,23,,,9998,1,10004,2,10005,23,9997.0,0.0
-2,84700,AMETHYSTS,9996,1,9995,29,,,10004,1,10005,29,,,10000.0,0.0
-2,84800,AMETHYSTS,9996,2,9995,28,,,10004,2,10005,28,,,10000.0,0.0
-2,84900,AMETHYSTS,9995,29,,,,,10005,29,,,,,10000.0,0.0
-2,85000,AMETHYSTS,9995,24,,,,,9998,1,10002,10,10005,24,9996.5,0.0
-2,85100,AMETHYSTS,9996,1,9995,25,,,10004,1,10005,25,,,10000.0,0.0
-2,85200,AMETHYSTS,9996,2,9995,22,,,10004,2,10005,22,,,10000.0,0.0
-2,85300,AMETHYSTS,9996,1,9995,22,,,10004,1,10005,22,,,10000.0,0.0
-2,85400,AMETHYSTS,9996,1,9995,21,,,10004,1,10005,21,,,10000.0,0.0
-2,85500,AMETHYSTS,9996,2,9995,28,,,10002,9,10004,2,10005,28,9999.0,0.0
-2,85600,AMETHYSTS,9996,2,9995,20,,,10004,2,10005,20,,,10000.0,0.0
-2,85700,AMETHYSTS,10002,3,9996,1,9995,27,10004,1,10005,27,,,10003.0,0.0
-2,85800,AMETHYSTS,9998,7,9996,1,9995,30,10000,6,10004,1,10005,30,9999.0,0.0
-2,85900,AMETHYSTS,9996,1,9995,30,,,9998,1,10004,1,10005,30,9997.0,0.0
-2,86000,AMETHYSTS,10000,5,9998,1,9996,2,10004,2,10005,24,,,10002.0,0.0
-2,86100,AMETHYSTS,10002,1,9998,1,9996,1,10004,1,10005,26,,,10003.0,0.0
-2,86200,AMETHYSTS,9996,1,9995,23,,,10004,1,10005,23,,,10000.0,0.0
-2,86300,AMETHYSTS,9998,5,9995,28,,,10005,28,,,,,10001.5,0.0
-2,86400,AMETHYSTS,9996,1,9995,30,,,10004,1,10005,30,,,10000.0,0.0
-2,86500,AMETHYSTS,9998,3,9996,1,9995,26,10004,1,10005,26,,,10001.0,0.0
-2,86600,AMETHYSTS,9995,25,,,,,10005,25,,,,,10000.0,0.0
-2,86700,AMETHYSTS,10000,1,9995,21,,,10005,21,,,,,10002.5,0.0
-2,86800,AMETHYSTS,10002,5,9996,1,9995,24,10004,1,10005,24,,,10003.0,0.0
-2,86900,AMETHYSTS,9996,1,9995,20,,,10004,1,10005,20,,,10000.0,0.0
-2,87000,AMETHYSTS,9995,22,,,,,10005,22,,,,,10000.0,0.0
-2,87100,AMETHYSTS,9996,1,9995,20,,,10004,1,10005,20,,,10000.0,0.0
-2,87200,AMETHYSTS,9996,1,9995,27,,,10004,1,10005,27,,,10000.0,0.0
-2,87300,AMETHYSTS,9996,2,9995,30,,,10004,2,10005,30,,,10000.0,0.0
-2,87400,AMETHYSTS,9996,2,9995,26,,,10004,2,10005,26,,,10000.0,0.0
-2,87500,AMETHYSTS,9995,30,,,,,10005,30,,,,,10000.0,0.0
-2,87600,AMETHYSTS,9998,4,9995,23,,,10005,23,,,,,10001.5,0.0
-2,87700,AMETHYSTS,9995,21,,,,,10005,21,,,,,10000.0,0.0
-2,87800,AMETHYSTS,9998,4,9995,27,,,10005,27,,,,,10001.5,0.0
-2,87900,AMETHYSTS,9995,24,,,,,10005,24,,,,,10000.0,0.0
-2,88000,AMETHYSTS,9996,2,9995,25,,,10004,2,10005,25,,,10000.0,0.0
-2,88100,AMETHYSTS,9996,2,9995,25,,,9998,1,10004,2,10005,25,9997.0,0.0
-2,88200,AMETHYSTS,10002,5,9996,2,9995,22,10004,2,10005,22,,,10003.0,0.0
-2,88300,AMETHYSTS,9998,8,9996,1,9995,24,10004,1,10005,24,,,10001.0,0.0
-2,88400,AMETHYSTS,9995,30,,,,,10002,6,10005,30,,,9998.5,0.0
-2,88500,AMETHYSTS,10002,9,9995,28,,,10005,28,,,,,10003.5,0.0
-2,88600,AMETHYSTS,9995,23,,,,,10000,5,10002,3,10005,23,9997.5,0.0
-2,88700,AMETHYSTS,9998,3,9995,25,,,10005,25,,,,,10001.5,0.0
-2,88800,AMETHYSTS,9998,9,9996,2,9995,28,10004,2,10005,28,,,10001.0,0.0
-2,88900,AMETHYSTS,9996,1,9995,24,,,10004,1,10005,24,,,10000.0,0.0
-2,89000,AMETHYSTS,9996,2,9995,20,,,10004,2,10005,20,,,10000.0,0.0
-2,89100,AMETHYSTS,9998,6,9996,1,9995,26,10004,1,10005,26,,,10001.0,0.0
-2,89200,AMETHYSTS,9996,1,9995,27,,,10002,2,10004,1,10005,27,9999.0,0.0
-2,89300,AMETHYSTS,9998,2,9996,2,9995,26,10004,2,10005,26,,,10001.0,0.0
-2,89400,AMETHYSTS,9998,8,9995,20,,,10005,20,,,,,10001.5,0.0
-2,89500,AMETHYSTS,9996,1,9995,30,,,10004,1,10005,30,,,10000.0,0.0
-2,89600,AMETHYSTS,9996,1,9995,24,,,10004,1,10005,24,,,10000.0,0.0
-2,89700,AMETHYSTS,9996,2,9995,28,,,10004,2,10005,28,,,10000.0,0.0
-2,89800,AMETHYSTS,9998,4,9995,24,,,10005,24,,,,,10001.5,0.0
-2,89900,AMETHYSTS,9995,23,,,,,10005,23,,,,,10000.0,0.0
-2,90000,AMETHYSTS,9998,1,9996,1,9995,28,10004,1,10005,28,,,10001.0,0.0
-2,90100,AMETHYSTS,9996,1,9995,27,,,10002,1,10004,1,10005,27,9999.0,0.0
-2,90200,AMETHYSTS,9995,23,,,,,10002,7,10005,23,,,9998.5,0.0
-2,90300,AMETHYSTS,9998,3,9996,2,9995,21,10004,2,10005,21,,,10001.0,0.0
-2,90400,AMETHYSTS,9996,2,9995,26,,,10002,4,10004,2,10005,26,9999.0,0.0
-2,90500,AMETHYSTS,9998,8,9995,26,,,10005,26,,,,,10001.5,0.0
-2,90600,AMETHYSTS,9996,1,9995,22,,,10004,1,10005,22,,,10000.0,0.0
-2,90700,AMETHYSTS,10002,1,9996,2,9995,24,10004,2,10005,24,,,10003.0,0.0
-2,90800,AMETHYSTS,9995,25,,,,,10005,25,,,,,10000.0,0.0
-2,90900,AMETHYSTS,9995,25,,,,,10005,25,,,,,10000.0,0.0
-2,91000,AMETHYSTS,9995,30,,,,,10005,30,,,,,10000.0,0.0
-2,91100,AMETHYSTS,9996,2,9995,21,,,10004,2,10005,21,,,10000.0,0.0
-2,91200,AMETHYSTS,9995,22,,,,,10002,2,10005,22,,,9998.5,0.0
-2,91300,AMETHYSTS,9995,20,,,,,10002,6,10005,20,,,9998.5,0.0
-2,91400,AMETHYSTS,9996,1,9995,20,,,10004,1,10005,20,,,10000.0,0.0
-2,91500,AMETHYSTS,9998,7,9995,23,,,10005,23,,,,,10001.5,0.0
-2,91600,AMETHYSTS,10000,2,9998,2,9995,27,10005,27,,,,,10002.5,0.0
-2,91700,AMETHYSTS,9996,2,9995,28,,,9998,1,10004,2,10005,28,9997.0,0.0
-2,91800,AMETHYSTS,9995,26,,,,,10005,26,,,,,10000.0,0.0
-2,91900,AMETHYSTS,10000,3,9996,2,9995,28,10002,9,10004,2,10005,28,10001.0,0.0
-2,92000,AMETHYSTS,9998,7,9995,28,,,10005,28,,,,,10001.5,0.0
-2,92100,AMETHYSTS,9995,28,,,,,9998,1,10005,28,,,9996.5,0.0
-2,92200,AMETHYSTS,9996,1,9995,22,,,10004,1,10005,22,,,10000.0,0.0
-2,92300,AMETHYSTS,9996,1,9995,25,,,9998,1,10004,1,10005,25,9997.0,0.0
-2,92400,AMETHYSTS,9996,2,9995,23,,,10004,2,10005,23,,,10000.0,0.0
-2,92500,AMETHYSTS,9995,23,,,,,10005,23,,,,,10000.0,0.0
-2,92600,AMETHYSTS,9996,1,9995,24,,,10004,1,10005,24,,,10000.0,0.0
-2,92700,AMETHYSTS,10002,1,9996,2,9995,27,10004,2,10005,27,,,10003.0,0.0
-2,92800,AMETHYSTS,9996,2,9995,20,,,10004,2,10005,20,,,10000.0,0.0
-2,92900,AMETHYSTS,9998,7,9996,1,9995,26,10004,1,10005,26,,,10001.0,0.0
-2,93000,AMETHYSTS,9995,20,,,,,10005,20,,,,,10000.0,0.0
-2,93100,AMETHYSTS,9996,1,9995,21,,,10004,1,10005,21,,,10000.0,0.0
-2,93200,AMETHYSTS,9995,21,,,,,9998,1,10005,21,,,9996.5,0.0
-2,93300,AMETHYSTS,9995,29,,,,,10002,9,10005,29,,,9998.5,0.0
-2,93400,AMETHYSTS,9996,2,9995,27,,,9998,3,10004,2,10005,27,9997.0,0.0
-2,93500,AMETHYSTS,10000,2,9996,1,9995,25,10004,1,10005,25,,,10002.0,0.0
-2,93600,AMETHYSTS,9996,2,9995,27,,,10004,2,10005,27,,,10000.0,0.0
-2,93700,AMETHYSTS,10002,1,9996,2,9995,23,10004,2,10005,23,,,10003.0,0.0
-2,93800,AMETHYSTS,9995,30,,,,,9998,1,10002,5,10005,30,9996.5,0.0
-2,93900,AMETHYSTS,9995,28,,,,,10005,28,,,,,10000.0,0.0
-2,94000,AMETHYSTS,10002,4,9998,8,9996,1,10004,1,10005,30,,,10003.0,0.0
-2,94100,AMETHYSTS,9995,30,,,,,10005,30,,,,,10000.0,0.0
-2,94200,AMETHYSTS,9995,22,,,,,10002,7,10005,22,,,9998.5,0.0
-2,94300,AMETHYSTS,10002,1,9996,2,9995,24,10004,2,10005,24,,,10003.0,0.0
-2,94400,AMETHYSTS,9995,29,,,,,10005,29,,,,,10000.0,0.0
-2,94500,AMETHYSTS,9996,2,9995,23,,,10004,2,10005,23,,,10000.0,0.0
-2,94600,AMETHYSTS,9998,2,9995,22,,,10005,22,,,,,10001.5,0.0
-2,94700,AMETHYSTS,10002,1,9996,1,9995,20,10004,1,10005,20,,,10003.0,0.0
-2,94800,AMETHYSTS,9996,1,9995,27,,,10004,1,10005,27,,,10000.0,0.0
-2,94900,AMETHYSTS,9995,27,,,,,9998,1,10005,27,,,9996.5,0.0
-2,95000,AMETHYSTS,9998,9,9996,1,9995,21,10004,1,10005,21,,,10001.0,0.0
-2,95100,AMETHYSTS,9995,25,,,,,10005,25,,,,,10000.0,0.0
-2,95200,AMETHYSTS,9996,2,9995,28,,,10004,2,10005,28,,,10000.0,0.0
-2,95300,AMETHYSTS,9995,24,,,,,10002,9,10005,24,,,9998.5,0.0
-2,95400,AMETHYSTS,9995,21,,,,,10002,1,10005,21,,,9998.5,0.0
-2,95500,AMETHYSTS,9996,2,9995,25,,,10002,4,10004,2,10005,25,9999.0,0.0
-2,95600,AMETHYSTS,9995,30,,,,,10005,30,,,,,10000.0,0.0
-2,95700,AMETHYSTS,10002,1,9996,2,9995,21,10004,2,10005,21,,,10003.0,0.0
-2,95800,AMETHYSTS,9995,21,,,,,10005,21,,,,,10000.0,0.0
-2,95900,AMETHYSTS,9998,9,9996,1,9995,22,10004,1,10005,22,,,10001.0,0.0
-2,96000,AMETHYSTS,9996,1,9995,23,,,10004,1,10005,23,,,10000.0,0.0
-2,96100,AMETHYSTS,9995,23,,,,,10005,23,,,,,10000.0,0.0
-2,96200,AMETHYSTS,9996,2,9995,24,,,9998,5,10004,2,10005,24,9997.0,0.0
-2,96300,AMETHYSTS,9996,2,9995,25,,,10004,2,10005,25,,,10000.0,0.0
-2,96400,AMETHYSTS,9998,6,9995,30,,,10005,30,,,,,10001.5,0.0
-2,96500,AMETHYSTS,9998,1,9996,1,9995,28,10004,1,10005,28,,,10001.0,0.0
-2,96600,AMETHYSTS,9995,24,,,,,10002,3,10005,24,,,9998.5,0.0
-2,96700,AMETHYSTS,9996,2,9995,30,,,10002,9,10004,2,10005,30,9999.0,0.0
-2,96800,AMETHYSTS,10002,3,9998,2,9996,1,10004,1,10005,26,,,10003.0,0.0
-2,96900,AMETHYSTS,9996,1,9995,25,,,10004,1,10005,25,,,10000.0,0.0
-2,97000,AMETHYSTS,9996,2,9995,26,,,10004,2,10005,26,,,10000.0,0.0
-2,97100,AMETHYSTS,9995,28,,,,,10002,4,10005,28,,,9998.5,0.0
-2,97200,AMETHYSTS,9996,1,9995,22,,,10000,3,10004,1,10005,22,9998.0,0.0
-2,97300,AMETHYSTS,9998,3,9996,1,9995,24,10004,1,10005,24,,,10001.0,0.0
-2,97400,AMETHYSTS,9995,27,,,,,10005,27,,,,,10000.0,0.0
-2,97500,AMETHYSTS,9996,2,9995,22,,,10004,2,10005,22,,,10000.0,0.0
-2,97600,AMETHYSTS,9996,1,9995,30,,,10002,7,10004,1,10005,30,9999.0,0.0
-2,97700,AMETHYSTS,9995,22,,,,,10005,22,,,,,10000.0,0.0
-2,97800,AMETHYSTS,9995,27,,,,,10002,6,10005,27,,,9998.5,0.0
-2,97900,AMETHYSTS,9996,1,9995,25,,,10004,1,10005,25,,,10000.0,0.0
-2,98000,AMETHYSTS,9996,1,9995,23,,,10004,1,10005,23,,,10000.0,0.0
-2,98100,AMETHYSTS,9996,1,9995,28,,,9998,1,10002,2,10004,1,9997.0,0.0
-2,98200,AMETHYSTS,9996,1,9995,25,,,10004,1,10005,25,,,10000.0,0.0
-2,98300,AMETHYSTS,9996,2,9995,27,,,10004,2,10005,27,,,10000.0,0.0
-2,98400,AMETHYSTS,9995,30,,,,,10005,30,,,,,10000.0,0.0
-2,98500,AMETHYSTS,9996,2,9995,29,,,10004,2,10005,29,,,10000.0,0.0
-2,98600,AMETHYSTS,9996,1,9995,27,,,10004,1,10005,27,,,10000.0,0.0
-2,98700,AMETHYSTS,9996,2,9995,27,,,10004,2,10005,27,,,10000.0,0.0
-2,98800,AMETHYSTS,10002,1,9996,1,9995,23,10004,1,10005,23,,,10003.0,0.0
-2,98900,AMETHYSTS,9998,10,9995,26,,,10005,26,,,,,10001.5,0.0
-2,99000,AMETHYSTS,9996,1,9995,25,,,10004,1,10005,25,,,10000.0,0.0
-2,99100,AMETHYSTS,9995,25,,,,,10005,25,,,,,10000.0,0.0
-2,99200,AMETHYSTS,9996,1,9995,21,,,10004,1,10005,21,,,10000.0,0.0
-2,99300,AMETHYSTS,9996,2,9995,25,,,10004,2,10005,25,,,10000.0,0.0
-2,99400,AMETHYSTS,9995,26,,,,,10005,26,,,,,10000.0,0.0
-2,99500,AMETHYSTS,9995,24,,,,,10005,24,,,,,10000.0,0.0
-2,99600,AMETHYSTS,10002,1,9995,28,,,10005,28,,,,,10003.5,0.0
-2,99700,AMETHYSTS,9996,2,9995,28,,,10004,2,10005,28,,,10000.0,0.0
-2,99800,AMETHYSTS,9996,1,9995,27,,,10004,1,10005,27,,,10000.0,0.0
-2,99900,AMETHYSTS,10002,1,9995,29,,,10005,29,,,,,10003.5,0.0
-2,100000,AMETHYSTS,9996,1,9995,23,,,10004,1,10005,23,,,10000.0,0.0
-2,100100,AMETHYSTS,10002,1,9995,29,,,10005,29,,,,,10003.5,0.0
-2,100200,AMETHYSTS,9998,5,9996,1,9995,22,10004,1,10005,22,,,10001.0,0.0
-2,100300,AMETHYSTS,9998,4,9996,1,9995,30,10004,1,10005,30,,,10001.0,0.0
-2,100400,AMETHYSTS,9996,1,9995,29,,,10004,1,10005,29,,,10000.0,0.0
-2,100500,AMETHYSTS,9995,22,,,,,10005,22,,,,,10000.0,0.0
-2,100600,AMETHYSTS,9996,1,9995,28,,,10004,1,10005,28,,,10000.0,0.0
-2,100700,AMETHYSTS,10002,1,9996,1,9995,30,10004,1,10005,30,,,10003.0,0.0
-2,100800,AMETHYSTS,9995,28,,,,,10005,28,,,,,10000.0,0.0
-2,100900,AMETHYSTS,9998,10,9995,27,,,10005,27,,,,,10001.5,0.0
-2,101000,AMETHYSTS,9998,6,9995,30,,,10005,30,,,,,10001.5,0.0
-2,101100,AMETHYSTS,9998,4,9996,1,9995,21,10004,1,10005,21,,,10001.0,0.0
-2,101200,AMETHYSTS,9995,26,,,,,10005,26,,,,,10000.0,0.0
-2,101300,AMETHYSTS,9996,1,9995,26,,,9998,2,10004,1,10005,26,9997.0,0.0
-2,101400,AMETHYSTS,9995,22,,,,,10005,22,,,,,10000.0,0.0
-2,101500,AMETHYSTS,10000,3,9996,2,9995,20,10004,2,10005,20,,,10002.0,0.0
-2,101600,AMETHYSTS,9995,27,,,,,10005,27,,,,,10000.0,0.0
-2,101700,AMETHYSTS,9998,1,9995,27,,,10005,27,,,,,10001.5,0.0
-2,101800,AMETHYSTS,9996,2,9995,24,,,10004,2,10005,24,,,10000.0,0.0
-2,101900,AMETHYSTS,9996,2,9995,21,,,10004,2,10005,21,,,10000.0,0.0
-2,102000,AMETHYSTS,10002,1,9996,1,9995,29,10004,1,10005,29,,,10003.0,0.0
-2,102100,AMETHYSTS,9998,3,9996,2,9995,22,10004,2,10005,22,,,10001.0,0.0
-2,102200,AMETHYSTS,9995,30,,,,,10005,30,,,,,10000.0,0.0
-2,102300,AMETHYSTS,9996,1,9995,24,,,10004,1,10005,24,,,10000.0,0.0
-2,102400,AMETHYSTS,9995,23,,,,,10005,23,,,,,10000.0,0.0
-2,102500,AMETHYSTS,9996,2,9995,27,,,10002,9,10004,2,10005,27,9999.0,0.0
-2,102600,AMETHYSTS,9998,9,9996,2,9995,23,10004,2,10005,23,,,10001.0,0.0
-2,102700,AMETHYSTS,9995,21,,,,,10005,21,,,,,10000.0,0.0
-2,102800,AMETHYSTS,9996,2,9995,26,,,10004,2,10005,26,,,10000.0,0.0
-2,102900,AMETHYSTS,9996,1,9995,27,,,10004,1,10005,27,,,10000.0,0.0
-2,103000,AMETHYSTS,9996,1,9995,30,,,10004,1,10005,30,,,10000.0,0.0
-2,103100,AMETHYSTS,9996,1,9995,26,,,10004,1,10005,26,,,10000.0,0.0
-2,103200,AMETHYSTS,9998,5,9995,27,,,10005,27,,,,,10001.5,0.0
-2,103300,AMETHYSTS,9996,1,9995,25,,,10004,1,10005,25,,,10000.0,0.0
-2,103400,AMETHYSTS,9998,9,9996,2,9995,30,10000,4,10004,2,10005,30,9999.0,0.0
-2,103500,AMETHYSTS,9996,1,9995,27,,,10004,1,10005,27,,,10000.0,0.0
-2,103600,AMETHYSTS,9996,2,9995,25,,,10004,2,10005,25,,,10000.0,0.0
-2,103700,AMETHYSTS,9996,1,9995,24,,,10004,1,10005,24,,,10000.0,0.0
-2,103800,AMETHYSTS,9998,5,9995,26,,,10005,26,,,,,10001.5,0.0
-2,103900,AMETHYSTS,9996,2,9995,22,,,10002,7,10004,2,10005,22,9999.0,0.0
-2,104000,AMETHYSTS,9995,27,,,,,10005,27,,,,,10000.0,0.0
-2,104100,AMETHYSTS,9996,1,9995,27,,,10004,1,10005,27,,,10000.0,0.0
-2,104200,AMETHYSTS,9996,1,9995,23,,,10004,1,10005,23,,,10000.0,0.0
-2,104300,AMETHYSTS,9995,22,,,,,10005,22,,,,,10000.0,0.0
-2,104400,AMETHYSTS,9996,1,9995,28,,,10004,1,10005,28,,,10000.0,0.0
-2,104500,AMETHYSTS,9996,1,9995,25,,,10004,1,10005,25,,,10000.0,0.0
-2,104600,AMETHYSTS,9996,2,9995,25,,,10002,4,10004,2,10005,25,9999.0,0.0
-2,104700,AMETHYSTS,10002,1,9996,1,9995,30,10004,1,10005,30,,,10003.0,0.0
-2,104800,AMETHYSTS,9996,2,9995,26,,,10004,2,10005,26,,,10000.0,0.0
-2,104900,AMETHYSTS,9996,2,9995,24,,,10004,2,10005,24,,,10000.0,0.0
-2,105000,AMETHYSTS,9995,21,,,,,10002,2,10005,21,,,9998.5,0.0
-2,105100,AMETHYSTS,9996,2,9995,30,,,10004,2,10005,30,,,10000.0,0.0
-2,105200,AMETHYSTS,9998,5,9996,1,9995,25,10004,1,10005,25,,,10001.0,0.0
-2,105300,AMETHYSTS,9996,2,9995,25,,,10002,9,10004,2,10005,25,9999.0,0.0
-2,105400,AMETHYSTS,10002,1,9995,24,,,10005,24,,,,,10003.5,0.0
-2,105500,AMETHYSTS,9998,1,9995,28,,,10005,28,,,,,10001.5,0.0
-2,105600,AMETHYSTS,9998,8,9995,30,,,10005,30,,,,,10001.5,0.0
-2,105700,AMETHYSTS,9998,8,9996,1,9995,28,10004,1,10005,28,,,10001.0,0.0
-2,105800,AMETHYSTS,10002,3,9996,2,9995,26,10004,2,10005,26,,,10003.0,0.0
-2,105900,AMETHYSTS,9996,1,9995,23,,,10004,1,10005,23,,,10000.0,0.0
-2,106000,AMETHYSTS,9995,22,,,,,10005,22,,,,,10000.0,0.0
-2,106100,AMETHYSTS,9996,2,9995,22,,,10004,2,10005,22,,,10000.0,0.0
-2,106200,AMETHYSTS,9996,2,9995,21,,,10004,2,10005,21,,,10000.0,0.0
-2,106300,AMETHYSTS,9996,2,9995,26,,,9998,2,10000,4,10004,2,9997.0,0.0
-2,106400,AMETHYSTS,9998,10,9996,1,9995,22,10000,6,10004,1,10005,22,9999.0,0.0
-2,106500,AMETHYSTS,9995,20,,,,,10005,20,,,,,10000.0,0.0
-2,106600,AMETHYSTS,9995,30,,,,,9998,4,10005,30,,,9996.5,0.0
-2,106700,AMETHYSTS,9996,2,9995,28,,,9998,1,10004,2,10005,28,9997.0,0.0
-2,106800,AMETHYSTS,10002,1,9998,9,9996,1,10004,1,10005,30,,,10003.0,0.0
-2,106900,AMETHYSTS,9995,29,,,,,10005,29,,,,,10000.0,0.0
-2,107000,AMETHYSTS,9996,1,9995,25,,,10004,1,10005,25,,,10000.0,0.0
-2,107100,AMETHYSTS,9995,22,,,,,9998,1,10005,22,,,9996.5,0.0
-2,107200,AMETHYSTS,9998,1,9996,1,9995,24,10004,1,10005,24,,,10001.0,0.0
-2,107300,AMETHYSTS,9996,2,9995,23,,,10004,2,10005,23,,,10000.0,0.0
-2,107400,AMETHYSTS,9995,25,,,,,10005,25,,,,,10000.0,0.0
-2,107500,AMETHYSTS,9995,25,,,,,10002,5,10005,25,,,9998.5,0.0
-2,107600,AMETHYSTS,9998,3,9996,1,9995,30,10004,1,10005,30,,,10001.0,0.0
-2,107700,AMETHYSTS,9996,2,9995,22,,,10004,2,10005,22,,,10000.0,0.0
-2,107800,AMETHYSTS,9996,2,9995,20,,,10002,8,10004,2,10005,20,9999.0,0.0
-2,107900,AMETHYSTS,9996,1,9995,28,,,10002,4,10004,1,10005,28,9999.0,0.0
-2,108000,AMETHYSTS,9996,1,9995,26,,,9998,11,10004,1,10005,26,9997.0,0.0
-2,108100,AMETHYSTS,9995,25,,,,,9998,1,10005,25,,,9996.5,0.0
-2,108200,AMETHYSTS,9996,2,9995,29,,,10004,2,10005,29,,,10000.0,0.0
-2,108300,AMETHYSTS,9995,21,,,,,10005,21,,,,,10000.0,0.0
-2,108400,AMETHYSTS,9996,1,9995,25,,,10002,8,10004,1,10005,25,9999.0,0.0
-2,108500,AMETHYSTS,9996,2,9995,23,,,10004,2,10005,23,,,10000.0,0.0
-2,108600,AMETHYSTS,9996,1,9995,26,,,9998,4,10004,1,10005,26,9997.0,0.0
-2,108700,AMETHYSTS,9995,23,,,,,10005,23,,,,,10000.0,0.0
-2,108800,AMETHYSTS,9995,20,,,,,10005,20,,,,,10000.0,0.0
-2,108900,AMETHYSTS,9996,1,9995,30,,,10004,1,10005,30,,,10000.0,0.0
-2,109000,AMETHYSTS,9995,20,,,,,10002,2,10005,20,,,9998.5,0.0
-2,109100,AMETHYSTS,9996,1,9995,27,,,10004,1,10005,27,,,10000.0,0.0
-2,109200,AMETHYSTS,9998,2,9996,2,9995,25,10004,2,10005,25,,,10001.0,0.0
-2,109300,AMETHYSTS,9995,21,,,,,10005,21,,,,,10000.0,0.0
-2,109400,AMETHYSTS,9995,21,,,,,10005,21,,,,,10000.0,0.0
-2,109500,AMETHYSTS,9996,2,9995,28,,,10004,2,10005,28,,,10000.0,0.0
-2,109600,AMETHYSTS,9996,2,9995,27,,,9998,1,10004,2,10005,27,9997.0,0.0
-2,109700,AMETHYSTS,9996,1,9995,26,,,10004,1,10005,26,,,10000.0,0.0
-2,109800,AMETHYSTS,10002,1,9996,2,9995,22,10004,2,10005,22,,,10003.0,0.0
-2,109900,AMETHYSTS,10002,1,9995,27,,,10005,27,,,,,10003.5,0.0
-2,110000,AMETHYSTS,9996,1,9995,21,,,10004,1,10005,21,,,10000.0,0.0
-2,110100,AMETHYSTS,9996,1,9995,23,,,10004,1,10005,23,,,10000.0,0.0
-2,110200,AMETHYSTS,9995,20,,,,,10005,20,,,,,10000.0,0.0
-2,110300,AMETHYSTS,9996,2,9995,20,,,10004,2,10005,20,,,10000.0,0.0
-2,110400,AMETHYSTS,9995,30,,,,,10005,30,,,,,10000.0,0.0
-2,110500,AMETHYSTS,9995,21,,,,,10005,21,,,,,10000.0,0.0
-2,110600,AMETHYSTS,10002,8,9995,28,,,10005,28,,,,,10003.5,0.0
-2,110700,AMETHYSTS,9998,3,9996,2,9995,24,10004,2,10005,24,,,10001.0,0.0
-2,110800,AMETHYSTS,9995,30,,,,,10005,30,,,,,10000.0,0.0
-2,110900,AMETHYSTS,9995,24,,,,,10005,24,,,,,10000.0,0.0
-2,111000,AMETHYSTS,9996,2,9995,22,,,9998,1,10004,2,10005,22,9997.0,0.0
-2,111100,AMETHYSTS,9996,2,9995,25,,,9998,4,10004,2,10005,25,9997.0,0.0
-2,111200,AMETHYSTS,9996,1,9995,21,,,10004,1,10005,21,,,10000.0,0.0
-2,111300,AMETHYSTS,9996,1,9995,29,,,9998,3,10004,1,10005,29,9997.0,0.0
-2,111400,AMETHYSTS,9996,1,9995,23,,,10004,1,10005,23,,,10000.0,0.0
-2,111500,AMETHYSTS,9996,1,9995,21,,,10004,1,10005,21,,,10000.0,0.0
-2,111600,AMETHYSTS,9996,2,9995,30,,,10004,2,10005,30,,,10000.0,0.0
-2,111700,AMETHYSTS,9996,2,9995,20,,,10004,2,10005,20,,,10000.0,0.0
-2,111800,AMETHYSTS,9995,22,,,,,10005,22,,,,,10000.0,0.0
-2,111900,AMETHYSTS,9996,2,9995,20,,,10002,5,10004,2,10005,20,9999.0,0.0
-2,112000,AMETHYSTS,9996,2,9995,24,,,10004,2,10005,24,,,10000.0,0.0
-2,112100,AMETHYSTS,9996,2,9995,20,,,9998,5,10002,7,10004,2,9997.0,0.0
-2,112200,AMETHYSTS,9998,1,9996,2,9995,26,10004,2,10005,26,,,10001.0,0.0
-2,112300,AMETHYSTS,9995,26,,,,,10005,26,,,,,10000.0,0.0
-2,112400,AMETHYSTS,9998,9,9996,1,9995,28,10004,1,10005,28,,,10001.0,0.0
-2,112500,AMETHYSTS,9996,2,9995,21,,,10002,3,10004,2,10005,21,9999.0,0.0
-2,112600,AMETHYSTS,9995,30,,,,,10005,30,,,,,10000.0,0.0
-2,112700,AMETHYSTS,9996,1,9995,28,,,10002,7,10004,1,10005,28,9999.0,0.0
-2,112800,AMETHYSTS,9995,22,,,,,10005,22,,,,,10000.0,0.0
-2,112900,AMETHYSTS,9998,1,9996,2,9995,20,10004,2,10005,20,,,10001.0,0.0
-2,113000,AMETHYSTS,10002,4,9996,1,9995,26,10004,1,10005,26,,,10003.0,0.0
-2,113100,AMETHYSTS,9998,3,9996,1,9995,20,10004,1,10005,20,,,10001.0,0.0
-2,113200,AMETHYSTS,9996,2,9995,29,,,10002,10,10004,2,10005,29,9999.0,0.0
-2,113300,AMETHYSTS,9996,2,9995,20,,,10004,2,10005,20,,,10000.0,0.0
-2,113400,AMETHYSTS,9996,1,9995,20,,,10004,1,10005,20,,,10000.0,0.0
-2,113500,AMETHYSTS,9995,21,,,,,10005,21,,,,,10000.0,0.0
-2,113600,AMETHYSTS,9996,1,9995,24,,,10004,1,10005,24,,,10000.0,0.0
-2,113700,AMETHYSTS,9996,1,9995,20,,,10004,1,10005,20,,,10000.0,0.0
-2,113800,AMETHYSTS,10002,1,9996,2,9995,22,10004,2,10005,22,,,10003.0,0.0
-2,113900,AMETHYSTS,9996,1,9995,28,,,10004,1,10005,28,,,10000.0,0.0
-2,114000,AMETHYSTS,9996,2,9995,28,,,9998,11,10004,2,10005,28,9997.0,0.0
-2,114100,AMETHYSTS,9996,2,9995,30,,,10004,2,10005,30,,,10000.0,0.0
-2,114200,AMETHYSTS,9996,2,9995,23,,,10004,2,10005,23,,,10000.0,0.0
-2,114300,AMETHYSTS,9996,2,9995,27,,,10004,2,10005,27,,,10000.0,0.0
-2,114400,AMETHYSTS,9995,28,,,,,10002,2,10005,28,,,9998.5,0.0
-2,114500,AMETHYSTS,9996,1,9995,29,,,10004,1,10005,29,,,10000.0,0.0
-2,114600,AMETHYSTS,10002,1,9996,1,9995,25,10004,1,10005,25,,,10003.0,0.0
-2,114700,AMETHYSTS,9996,2,9995,26,,,10004,2,10005,26,,,10000.0,0.0
-2,114800,AMETHYSTS,9996,2,9995,24,,,10004,2,10005,24,,,10000.0,0.0
-2,114900,AMETHYSTS,9995,21,,,,,10005,21,,,,,10000.0,0.0
-2,115000,AMETHYSTS,9998,8,9996,1,9995,25,10004,1,10005,25,,,10001.0,0.0
-2,115100,AMETHYSTS,9995,25,,,,,10005,25,,,,,10000.0,0.0
-2,115200,AMETHYSTS,9995,21,,,,,10005,21,,,,,10000.0,0.0
-2,115300,AMETHYSTS,9995,28,,,,,9998,1,10002,10,10005,28,9996.5,0.0
-2,115400,AMETHYSTS,9995,24,,,,,10005,24,,,,,10000.0,0.0
-2,115500,AMETHYSTS,9996,2,9995,24,,,10004,2,10005,24,,,10000.0,0.0
-2,115600,AMETHYSTS,9998,8,9996,2,9995,27,10004,2,10005,27,,,10001.0,0.0
-2,115700,AMETHYSTS,9995,25,,,,,10005,25,,,,,10000.0,0.0
-2,115800,AMETHYSTS,9998,9,9996,2,9995,22,10004,2,10005,22,,,10001.0,0.0
-2,115900,AMETHYSTS,9996,2,9995,28,,,10004,2,10005,28,,,10000.0,0.0
-2,116000,AMETHYSTS,9995,25,,,,,10005,25,,,,,10000.0,0.0
-2,116100,AMETHYSTS,9996,2,9995,22,,,10002,5,10004,2,10005,22,9999.0,0.0
-2,116200,AMETHYSTS,9995,27,,,,,10002,7,10005,27,,,9998.5,0.0
-2,116300,AMETHYSTS,9996,2,9995,27,,,10004,2,10005,27,,,10000.0,0.0
-2,116400,AMETHYSTS,9996,1,9995,23,,,10004,1,10005,23,,,10000.0,0.0
-2,116500,AMETHYSTS,9996,2,9995,27,,,10004,2,10005,27,,,10000.0,0.0
-2,116600,AMETHYSTS,9996,2,9995,21,,,10004,2,10005,21,,,10000.0,0.0
-2,116700,AMETHYSTS,10002,1,9996,2,9995,24,10004,2,10005,24,,,10003.0,0.0
-2,116800,AMETHYSTS,10002,3,9995,30,,,10005,30,,,,,10003.5,0.0
-2,116900,AMETHYSTS,9996,1,9995,26,,,10002,9,10004,1,10005,26,9999.0,0.0
-2,117000,AMETHYSTS,9996,1,9995,30,,,10004,1,10005,30,,,10000.0,0.0
-2,117100,AMETHYSTS,9996,2,9995,24,,,10004,2,10005,24,,,10000.0,0.0
-2,117200,AMETHYSTS,9996,2,9995,20,,,10002,9,10004,2,10005,20,9999.0,0.0
-2,117300,AMETHYSTS,9998,5,9996,1,9995,21,10004,1,10005,21,,,10001.0,0.0
-2,117400,AMETHYSTS,9995,27,,,,,10005,27,,,,,10000.0,0.0
-2,117500,AMETHYSTS,9996,2,9995,24,,,10004,2,10005,24,,,10000.0,0.0
-2,117600,AMETHYSTS,9996,1,9995,30,,,10004,1,10005,30,,,10000.0,0.0
-2,117700,AMETHYSTS,9996,1,9995,29,,,10004,1,10005,29,,,10000.0,0.0
-2,117800,AMETHYSTS,9996,2,9995,29,,,10002,7,10004,2,10005,29,9999.0,0.0
-2,117900,AMETHYSTS,9996,2,9995,22,,,10004,2,10005,22,,,10000.0,0.0
-2,118000,AMETHYSTS,9996,1,9995,27,,,10004,1,10005,27,,,10000.0,0.0
-2,118100,AMETHYSTS,9996,2,9995,23,,,10002,6,10004,2,10005,23,9999.0,0.0
-2,118200,AMETHYSTS,9995,21,,,,,10005,21,,,,,10000.0,0.0
-2,118300,AMETHYSTS,9996,1,9995,26,,,10002,9,10004,1,10005,26,9999.0,0.0
-2,118400,AMETHYSTS,9996,2,9995,28,,,10004,2,10005,28,,,10000.0,0.0
-2,118500,AMETHYSTS,9996,1,9995,25,,,10004,1,10005,25,,,10000.0,0.0
-2,118600,AMETHYSTS,9996,2,9995,29,,,10004,2,10005,29,,,10000.0,0.0
-2,118700,AMETHYSTS,9996,1,9995,26,,,10002,8,10004,1,10005,26,9999.0,0.0
-2,118800,AMETHYSTS,9996,2,9995,29,,,10004,2,10005,29,,,10000.0,0.0
-2,118900,AMETHYSTS,9995,25,,,,,10005,25,,,,,10000.0,0.0
-2,119000,AMETHYSTS,9996,1,9995,20,,,10004,1,10005,20,,,10000.0,0.0
-2,119100,AMETHYSTS,9996,2,9995,24,,,10002,8,10004,2,10005,24,9999.0,0.0
-2,119200,AMETHYSTS,9998,2,9996,1,9995,25,10004,1,10005,25,,,10001.0,0.0
-2,119300,AMETHYSTS,9995,25,,,,,9998,1,10002,1,10005,25,9996.5,0.0
-2,119400,AMETHYSTS,9995,24,,,,,10005,24,,,,,10000.0,0.0
-2,119500,AMETHYSTS,9996,1,9995,25,,,10002,2,10004,1,10005,25,9999.0,0.0
-2,119600,AMETHYSTS,9996,2,9995,27,,,10004,2,10005,27,,,10000.0,0.0
-2,119700,AMETHYSTS,9998,2,9996,1,9995,25,10004,1,10005,25,,,10001.0,0.0
-2,119800,AMETHYSTS,10000,4,9998,8,9995,26,10005,26,,,,,10002.5,0.0
-2,119900,AMETHYSTS,10002,1,9996,2,9995,26,10004,2,10005,26,,,10003.0,0.0
-2,120000,AMETHYSTS,10002,1,9996,2,9995,23,10004,2,10005,23,,,10003.0,0.0
-2,120100,AMETHYSTS,9995,22,,,,,10005,22,,,,,10000.0,0.0
-2,120200,AMETHYSTS,10002,1,9996,1,9995,23,10004,1,10005,23,,,10003.0,0.0
-2,120300,AMETHYSTS,9996,2,9995,29,,,10004,2,10005,29,,,10000.0,0.0
-2,120400,AMETHYSTS,9996,1,9995,24,,,10004,1,10005,24,,,10000.0,0.0
-2,120500,AMETHYSTS,9996,2,9995,21,,,10002,4,10004,2,10005,21,9999.0,0.0
-2,120600,AMETHYSTS,9998,1,9995,22,,,10005,22,,,,,10001.5,0.0
-2,120700,AMETHYSTS,9995,28,,,,,10005,28,,,,,10000.0,0.0
-2,120800,AMETHYSTS,9995,23,,,,,10005,23,,,,,10000.0,0.0
-2,120900,AMETHYSTS,9998,4,9995,23,,,10005,23,,,,,10001.5,0.0
-2,121000,AMETHYSTS,9996,2,9995,22,,,10004,2,10005,22,,,10000.0,0.0
-2,121100,AMETHYSTS,9998,5,9996,2,9995,25,10004,2,10005,25,,,10001.0,0.0
-2,121200,AMETHYSTS,9996,1,9995,27,,,10004,1,10005,27,,,10000.0,0.0
-2,121300,AMETHYSTS,9996,1,9995,21,,,10004,1,10005,21,,,10000.0,0.0
-2,121400,AMETHYSTS,10002,5,9995,27,,,10005,27,,,,,10003.5,0.0
-2,121500,AMETHYSTS,9995,29,,,,,10005,29,,,,,10000.0,0.0
-2,121600,AMETHYSTS,9996,1,9995,21,,,10004,1,10005,21,,,10000.0,0.0
-2,121700,AMETHYSTS,9996,2,9995,25,,,10002,1,10004,2,10005,25,9999.0,0.0
-2,121800,AMETHYSTS,9996,1,9995,30,,,10002,3,10004,1,10005,30,9999.0,0.0
-2,121900,AMETHYSTS,9996,1,9995,27,,,10004,1,10005,27,,,10000.0,0.0
-2,122000,AMETHYSTS,9995,27,,,,,10005,27,,,,,10000.0,0.0
-2,122100,AMETHYSTS,9995,25,,,,,10005,25,,,,,10000.0,0.0
-2,122200,AMETHYSTS,9998,10,9996,2,9995,25,10004,2,10005,25,,,10001.0,0.0
-2,122300,AMETHYSTS,9995,23,,,,,10005,23,,,,,10000.0,0.0
-2,122400,AMETHYSTS,9996,2,9995,24,,,10004,2,10005,24,,,10000.0,0.0
-2,122500,AMETHYSTS,9996,2,9995,25,,,10004,2,10005,25,,,10000.0,0.0
-2,122600,AMETHYSTS,9998,5,9996,1,9995,28,10004,1,10005,28,,,10001.0,0.0
-2,122700,AMETHYSTS,9995,25,,,,,10005,25,,,,,10000.0,0.0
-2,122800,AMETHYSTS,9996,1,9995,28,,,10004,1,10005,28,,,10000.0,0.0
-2,122900,AMETHYSTS,9996,2,9995,30,,,10004,2,10005,30,,,10000.0,0.0
-2,123000,AMETHYSTS,9998,1,9995,26,,,10005,26,,,,,10001.5,0.0
-2,123100,AMETHYSTS,9996,1,9995,25,,,10002,7,10004,1,10005,25,9999.0,0.0
-2,123200,AMETHYSTS,9996,2,9995,21,,,10004,2,10005,21,,,10000.0,0.0
-2,123300,AMETHYSTS,9995,29,,,,,10005,29,,,,,10000.0,0.0
-2,123400,AMETHYSTS,9996,1,9995,21,,,10004,1,10005,21,,,10000.0,0.0
-2,123500,AMETHYSTS,9996,1,9995,30,,,10004,1,10005,30,,,10000.0,0.0
-2,123600,AMETHYSTS,9996,1,9995,20,,,10004,1,10005,20,,,10000.0,0.0
-2,123700,AMETHYSTS,10002,6,9996,2,9995,21,10004,2,10005,21,,,10003.0,0.0
-2,123800,AMETHYSTS,9996,1,9995,23,,,9998,1,10002,3,10004,1,9997.0,0.0
-2,123900,AMETHYSTS,9995,26,,,,,10005,26,,,,,10000.0,0.0
-2,124000,AMETHYSTS,9995,20,,,,,10005,20,,,,,10000.0,0.0
-2,124100,AMETHYSTS,9996,2,9995,25,,,10004,2,10005,25,,,10000.0,0.0
-2,124200,AMETHYSTS,9996,1,9995,23,,,10004,1,10005,23,,,10000.0,0.0
-2,124300,AMETHYSTS,9995,20,,,,,10005,20,,,,,10000.0,0.0
-2,124400,AMETHYSTS,9996,1,9995,26,,,10004,1,10005,26,,,10000.0,0.0
-2,124500,AMETHYSTS,9996,1,9995,20,,,9998,5,10004,1,10005,20,9997.0,0.0
-2,124600,AMETHYSTS,9995,21,,,,,10002,1,10005,21,,,9998.5,0.0
-2,124700,AMETHYSTS,9996,2,9995,20,,,9998,1,10004,2,10005,20,9997.0,0.0
-2,124800,AMETHYSTS,9998,9,9996,2,9995,23,10004,2,10005,23,,,10001.0,0.0
-2,124900,AMETHYSTS,9996,1,9995,30,,,10004,1,10005,30,,,10000.0,0.0
-2,125000,AMETHYSTS,9996,1,9995,25,,,10004,1,10005,25,,,10000.0,0.0
-2,125100,AMETHYSTS,9995,27,,,,,10005,27,,,,,10000.0,0.0
-2,125200,AMETHYSTS,10002,4,9996,1,9995,26,10004,1,10005,26,,,10003.0,0.0
-2,125300,AMETHYSTS,9996,2,9995,26,,,10004,2,10005,26,,,10000.0,0.0
-2,125400,AMETHYSTS,9998,8,9995,22,,,10005,22,,,,,10001.5,0.0
-2,125500,AMETHYSTS,9998,3,9996,2,9995,22,10004,2,10005,22,,,10001.0,0.0
-2,125600,AMETHYSTS,9996,2,9995,28,,,10004,2,10005,28,,,10000.0,0.0
-2,125700,AMETHYSTS,9996,2,9995,26,,,9998,2,10004,2,10005,26,9997.0,0.0
-2,125800,AMETHYSTS,9996,1,9995,27,,,9998,1,10004,1,10005,27,9997.0,0.0
-2,125900,AMETHYSTS,9996,2,9995,28,,,10000,6,10004,2,10005,28,9998.0,0.0
-2,126000,AMETHYSTS,9996,1,9995,21,,,10004,1,10005,21,,,10000.0,0.0
-2,126100,AMETHYSTS,10002,1,9998,10,9996,2,10004,2,10005,27,,,10003.0,0.0
-2,126200,AMETHYSTS,10002,7,9995,24,,,10005,24,,,,,10003.5,0.0
-2,126300,AMETHYSTS,9995,29,,,,,10005,29,,,,,10000.0,0.0
-2,126400,AMETHYSTS,9995,27,,,,,10005,27,,,,,10000.0,0.0
-2,126500,AMETHYSTS,9998,7,9996,2,9995,25,10004,2,10005,25,,,10001.0,0.0
-2,126600,AMETHYSTS,9996,1,9995,21,,,10002,5,10004,1,10005,21,9999.0,0.0
-2,126700,AMETHYSTS,10002,2,9998,4,9995,23,10005,23,,,,,10003.5,0.0
-2,126800,AMETHYSTS,9996,2,9995,24,,,10004,2,10005,24,,,10000.0,0.0
-2,126900,AMETHYSTS,9996,1,9995,24,,,10004,1,10005,24,,,10000.0,0.0
-2,127000,AMETHYSTS,9995,26,,,,,10005,26,,,,,10000.0,0.0
-2,127100,AMETHYSTS,9995,27,,,,,10005,27,,,,,10000.0,0.0
-2,127200,AMETHYSTS,9996,2,9995,24,,,10004,2,10005,24,,,10000.0,0.0
-2,127300,AMETHYSTS,9995,28,,,,,10005,28,,,,,10000.0,0.0
-2,127400,AMETHYSTS,9998,5,9995,27,,,10005,27,,,,,10001.5,0.0
-2,127500,AMETHYSTS,9996,2,9995,29,,,9998,3,10004,2,10005,29,9997.0,0.0
-2,127600,AMETHYSTS,9995,27,,,,,10002,6,10005,27,,,9998.5,0.0
-2,127700,AMETHYSTS,9998,8,9995,20,,,10005,20,,,,,10001.5,0.0
-2,127800,AMETHYSTS,9996,1,9995,27,,,10004,1,10005,27,,,10000.0,0.0
-2,127900,AMETHYSTS,9996,2,9995,27,,,10004,2,10005,27,,,10000.0,0.0
-2,128000,AMETHYSTS,9996,2,9995,20,,,10004,2,10005,20,,,10000.0,0.0
-2,128100,AMETHYSTS,9998,5,9996,1,9995,29,10004,1,10005,29,,,10001.0,0.0
-2,128200,AMETHYSTS,10002,1,9996,1,9995,21,10004,1,10005,21,,,10003.0,0.0
-2,128300,AMETHYSTS,9995,25,,,,,10005,25,,,,,10000.0,0.0
-2,128400,AMETHYSTS,9996,1,9995,22,,,10002,5,10004,1,10005,22,9999.0,0.0
-2,128500,AMETHYSTS,9998,3,9996,1,9995,22,10004,1,10005,22,,,10001.0,0.0
-2,128600,AMETHYSTS,9996,2,9995,20,,,10004,2,10005,20,,,10000.0,0.0
-2,128700,AMETHYSTS,9995,26,,,,,10005,26,,,,,10000.0,0.0
-2,128800,AMETHYSTS,9995,21,,,,,10005,21,,,,,10000.0,0.0
-2,128900,AMETHYSTS,10002,2,9995,25,,,10005,25,,,,,10003.5,0.0
-2,129000,AMETHYSTS,9996,2,9995,21,,,10004,2,10005,21,,,10000.0,0.0
-2,129100,AMETHYSTS,9996,1,9995,26,,,10002,5,10004,1,10005,26,9999.0,0.0
-2,129200,AMETHYSTS,9998,10,9995,26,,,10005,26,,,,,10001.5,0.0
-2,129300,AMETHYSTS,9995,23,,,,,10005,23,,,,,10000.0,0.0
-2,129400,AMETHYSTS,9996,1,9995,24,,,10002,6,10004,1,10005,24,9999.0,0.0
-2,129500,AMETHYSTS,9995,20,,,,,10005,20,,,,,10000.0,0.0
-2,129600,AMETHYSTS,9998,3,9996,2,9995,29,10004,2,10005,29,,,10001.0,0.0
-2,129700,AMETHYSTS,9996,2,9995,21,,,10000,3,10004,2,10005,21,9998.0,0.0
-2,129800,AMETHYSTS,9996,1,9995,27,,,10004,1,10005,27,,,10000.0,0.0
-2,129900,AMETHYSTS,9996,2,9995,28,,,10004,2,10005,28,,,10000.0,0.0
-2,130000,AMETHYSTS,9995,29,,,,,10005,29,,,,,10000.0,0.0
-2,130100,AMETHYSTS,9996,2,9995,20,,,9998,1,10004,2,10005,20,9997.0,0.0
-2,130200,AMETHYSTS,9996,2,9995,21,,,10004,2,10005,21,,,10000.0,0.0
-2,130300,AMETHYSTS,10002,1,9996,1,9995,25,10004,1,10005,25,,,10003.0,0.0
-2,130400,AMETHYSTS,9996,1,9995,27,,,10004,1,10005,27,,,10000.0,0.0
-2,130500,AMETHYSTS,9995,21,,,,,10005,21,,,,,10000.0,0.0
-2,130600,AMETHYSTS,9995,21,,,,,10005,21,,,,,10000.0,0.0
-2,130700,AMETHYSTS,9996,2,9995,20,,,10004,2,10005,20,,,10000.0,0.0
-2,130800,AMETHYSTS,9998,2,9995,23,,,10005,23,,,,,10001.5,0.0
-2,130900,AMETHYSTS,9996,2,9995,30,,,10004,2,10005,30,,,10000.0,0.0
-2,131000,AMETHYSTS,9995,26,,,,,10005,26,,,,,10000.0,0.0
-2,131100,AMETHYSTS,9996,2,9995,20,,,10004,2,10005,20,,,10000.0,0.0
-2,131200,AMETHYSTS,9998,6,9995,30,,,10005,30,,,,,10001.5,0.0
-2,131300,AMETHYSTS,9996,1,9995,20,,,10004,1,10005,20,,,10000.0,0.0
-2,131400,AMETHYSTS,9995,21,,,,,9998,1,10005,21,,,9996.5,0.0
-2,131500,AMETHYSTS,9995,26,,,,,10005,26,,,,,10000.0,0.0
-2,131600,AMETHYSTS,10002,1,9995,30,,,10005,30,,,,,10003.5,0.0
-2,131700,AMETHYSTS,9998,10,9996,1,9995,29,10004,1,10005,29,,,10001.0,0.0
-2,131800,AMETHYSTS,9996,1,9995,27,,,10002,7,10004,1,10005,27,9999.0,0.0
-2,131900,AMETHYSTS,9996,2,9995,25,,,10004,2,10005,25,,,10000.0,0.0
-2,132000,AMETHYSTS,9998,2,9996,2,9995,26,10004,2,10005,26,,,10001.0,0.0
-2,132100,AMETHYSTS,9998,3,9995,24,,,10005,24,,,,,10001.5,0.0
-2,132200,AMETHYSTS,9996,2,9995,27,,,10002,1,10004,2,10005,27,9999.0,0.0
-2,132300,AMETHYSTS,10002,4,9995,24,,,10005,24,,,,,10003.5,0.0
-2,132400,AMETHYSTS,9996,1,9995,22,,,10004,1,10005,22,,,10000.0,0.0
-2,132500,AMETHYSTS,9998,8,9996,2,9995,28,10004,2,10005,28,,,10001.0,0.0
-2,132600,AMETHYSTS,9995,29,,,,,10005,29,,,,,10000.0,0.0
-2,132700,AMETHYSTS,9995,23,,,,,10005,23,,,,,10000.0,0.0
-2,132800,AMETHYSTS,9996,2,9995,23,,,10004,2,10005,23,,,10000.0,0.0
-2,132900,AMETHYSTS,9996,2,9995,30,,,9998,1,10002,1,10004,2,9997.0,0.0
-2,133000,AMETHYSTS,9995,23,,,,,10005,23,,,,,10000.0,0.0
-2,133100,AMETHYSTS,10002,5,9996,1,9995,23,10004,1,10005,23,,,10003.0,0.0
-2,133200,AMETHYSTS,9996,1,9995,27,,,10004,1,10005,27,,,10000.0,0.0
-2,133300,AMETHYSTS,9996,2,9995,30,,,10004,2,10005,30,,,10000.0,0.0
-2,133400,AMETHYSTS,9998,2,9996,1,9995,29,10004,1,10005,29,,,10001.0,0.0
-2,133500,AMETHYSTS,9996,2,9995,28,,,10004,2,10005,28,,,10000.0,0.0
-2,133600,AMETHYSTS,9996,2,9995,21,,,10004,2,10005,21,,,10000.0,0.0
-2,133700,AMETHYSTS,9996,2,9995,26,,,10004,2,10005,26,,,10000.0,0.0
-2,133800,AMETHYSTS,9996,2,9995,21,,,10002,8,10004,2,10005,21,9999.0,0.0
-2,133900,AMETHYSTS,9998,7,9996,2,9995,22,10004,2,10005,22,,,10001.0,0.0
-2,134000,AMETHYSTS,9995,24,,,,,10000,3,10005,24,,,9997.5,0.0
-2,134100,AMETHYSTS,9998,8,9996,1,9995,23,10004,1,10005,23,,,10001.0,0.0
-2,134200,AMETHYSTS,10002,1,9995,29,,,10005,29,,,,,10003.5,0.0
-2,134300,AMETHYSTS,10002,1,9996,2,9995,30,10004,2,10005,30,,,10003.0,0.0
-2,134400,AMETHYSTS,9998,8,9996,2,9995,23,10004,2,10005,23,,,10001.0,0.0
-2,134500,AMETHYSTS,9995,24,,,,,10005,24,,,,,10000.0,0.0
-2,134600,AMETHYSTS,10000,5,9996,1,9995,22,10004,1,10005,22,,,10002.0,0.0
-2,134700,AMETHYSTS,10002,4,9996,1,9995,20,10004,1,10005,20,,,10003.0,0.0
-2,134800,AMETHYSTS,9996,2,9995,30,,,10002,4,10004,2,10005,30,9999.0,0.0
-2,134900,AMETHYSTS,9996,2,9995,21,,,9998,1,10004,2,10005,21,9997.0,0.0
-2,135000,AMETHYSTS,9996,1,9995,22,,,10004,1,10005,22,,,10000.0,0.0
-2,135100,AMETHYSTS,9996,2,9995,20,,,10004,2,10005,20,,,10000.0,0.0
-2,135200,AMETHYSTS,9998,5,9996,1,9995,20,10004,1,10005,20,,,10001.0,0.0
-2,135300,AMETHYSTS,9995,20,,,,,10005,20,,,,,10000.0,0.0
-2,135400,AMETHYSTS,9996,1,9995,29,,,10004,1,10005,29,,,10000.0,0.0
-2,135500,AMETHYSTS,9996,1,9995,29,,,10004,1,10005,29,,,10000.0,0.0
-2,135600,AMETHYSTS,10002,1,9995,21,,,10005,21,,,,,10003.5,0.0
-2,135700,AMETHYSTS,9995,26,,,,,10005,26,,,,,10000.0,0.0
-2,135800,AMETHYSTS,9995,24,,,,,10000,3,10005,24,,,9997.5,0.0
-2,135900,AMETHYSTS,9995,27,,,,,10005,27,,,,,10000.0,0.0
-2,136000,AMETHYSTS,9996,1,9995,30,,,9998,1,10004,1,10005,30,9997.0,0.0
-2,136100,AMETHYSTS,9995,29,,,,,10002,5,10005,29,,,9998.5,0.0
-2,136200,AMETHYSTS,9998,2,9996,1,9995,28,10004,1,10005,28,,,10001.0,0.0
-2,136300,AMETHYSTS,10002,1,9998,4,9996,2,10004,2,10005,30,,,10003.0,0.0
-2,136400,AMETHYSTS,9996,2,9995,28,,,10004,2,10005,28,,,10000.0,0.0
-2,136500,AMETHYSTS,9996,2,9995,24,,,10004,2,10005,24,,,10000.0,0.0
-2,136600,AMETHYSTS,9998,1,9995,25,,,10005,25,,,,,10001.5,0.0
-2,136700,AMETHYSTS,9995,24,,,,,10005,24,,,,,10000.0,0.0
-2,136800,AMETHYSTS,10002,1,9996,2,9995,26,10004,2,10005,26,,,10003.0,0.0
-2,136900,AMETHYSTS,9995,23,,,,,10005,23,,,,,10000.0,0.0
-2,137000,AMETHYSTS,9996,1,9995,28,,,10004,1,10005,28,,,10000.0,0.0
-2,137100,AMETHYSTS,9995,24,,,,,10002,3,10005,24,,,9998.5,0.0
-2,137200,AMETHYSTS,9995,23,,,,,10005,23,,,,,10000.0,0.0
-2,137300,AMETHYSTS,9996,1,9995,27,,,10004,1,10005,27,,,10000.0,0.0
-2,137400,AMETHYSTS,9996,2,9995,27,,,10002,6,10004,2,10005,27,9999.0,0.0
-2,137500,AMETHYSTS,9996,1,9995,29,,,9998,1,10004,1,10005,29,9997.0,0.0
-2,137600,AMETHYSTS,9996,1,9995,21,,,10004,1,10005,21,,,10000.0,0.0
-2,137700,AMETHYSTS,9996,1,9995,27,,,9998,8,10004,1,10005,27,9997.0,0.0
-2,137800,AMETHYSTS,9996,1,9995,22,,,10004,1,10005,22,,,10000.0,0.0
-2,137900,AMETHYSTS,9996,1,9995,28,,,10004,1,10005,28,,,10000.0,0.0
-2,138000,AMETHYSTS,9995,30,,,,,10005,30,,,,,10000.0,0.0
-2,138100,AMETHYSTS,9996,2,9995,29,,,10004,2,10005,29,,,10000.0,0.0
-2,138200,AMETHYSTS,9996,2,9995,22,,,9998,1,10004,2,10005,22,9997.0,0.0
-2,138300,AMETHYSTS,9995,30,,,,,10005,30,,,,,10000.0,0.0
-2,138400,AMETHYSTS,9996,2,9995,24,,,9998,1,10002,5,10004,2,9997.0,0.0
-2,138500,AMETHYSTS,9996,2,9995,22,,,10002,3,10004,2,10005,22,9999.0,0.0
-2,138600,AMETHYSTS,9998,4,9996,1,9995,30,10000,2,10004,1,10005,30,9999.0,0.0
-2,138700,AMETHYSTS,9998,6,9996,2,9995,23,10004,2,10005,23,,,10001.0,0.0
-2,138800,AMETHYSTS,9996,2,9995,29,,,10002,1,10004,2,10005,29,9999.0,0.0
-2,138900,AMETHYSTS,9996,1,9995,21,,,10004,1,10005,21,,,10000.0,0.0
-2,139000,AMETHYSTS,9996,1,9995,30,,,10004,1,10005,30,,,10000.0,0.0
-2,139100,AMETHYSTS,9996,2,9995,22,,,10004,2,10005,22,,,10000.0,0.0
-2,139200,AMETHYSTS,9998,3,9996,2,9995,24,10004,2,10005,24,,,10001.0,0.0
-2,139300,AMETHYSTS,9996,2,9995,20,,,10004,2,10005,20,,,10000.0,0.0
-2,139400,AMETHYSTS,10002,5,9996,1,9995,24,10004,1,10005,24,,,10003.0,0.0
-2,139500,AMETHYSTS,9996,1,9995,20,,,10002,2,10004,1,10005,20,9999.0,0.0
-2,139600,AMETHYSTS,9995,25,,,,,9998,1,10005,25,,,9996.5,0.0
-2,139700,AMETHYSTS,9996,2,9995,25,,,10002,2,10004,2,10005,25,9999.0,0.0
-2,139800,AMETHYSTS,9998,3,9996,1,9995,26,10004,1,10005,26,,,10001.0,0.0
-2,139900,AMETHYSTS,9996,1,9995,22,,,10004,1,10005,22,,,10000.0,0.0
-2,140000,AMETHYSTS,9996,2,9995,22,,,10004,2,10005,22,,,10000.0,0.0
-2,140100,AMETHYSTS,9995,27,,,,,10005,27,,,,,10000.0,0.0
-2,140200,AMETHYSTS,9996,2,9995,28,,,10004,2,10005,28,,,10000.0,0.0
-2,140300,AMETHYSTS,10002,1,9998,1,9996,2,10004,2,10005,26,,,10003.0,0.0
-2,140400,AMETHYSTS,9995,27,,,,,10005,27,,,,,10000.0,0.0
-2,140500,AMETHYSTS,9996,1,9995,26,,,10004,1,10005,26,,,10000.0,0.0
-2,140600,AMETHYSTS,9996,2,9995,27,,,10000,3,10002,1,10004,2,9998.0,0.0
-2,140700,AMETHYSTS,9996,1,9995,21,,,10004,1,10005,21,,,10000.0,0.0
-2,140800,AMETHYSTS,9998,7,9995,26,,,10005,26,,,,,10001.5,0.0
-2,140900,AMETHYSTS,9995,28,,,,,10005,28,,,,,10000.0,0.0
-2,141000,AMETHYSTS,9998,3,9996,2,9995,20,10004,2,10005,20,,,10001.0,0.0
-2,141100,AMETHYSTS,9995,28,,,,,10005,28,,,,,10000.0,0.0
-2,141200,AMETHYSTS,9995,24,,,,,10002,1,10005,24,,,9998.5,0.0
-2,141300,AMETHYSTS,9995,22,,,,,10005,22,,,,,10000.0,0.0
-2,141400,AMETHYSTS,9996,2,9995,26,,,10002,2,10004,2,10005,26,9999.0,0.0
-2,141500,AMETHYSTS,9995,27,,,,,10005,27,,,,,10000.0,0.0
-2,141600,AMETHYSTS,9996,2,9995,29,,,10002,5,10004,2,10005,29,9999.0,0.0
-2,141700,AMETHYSTS,9995,22,,,,,10005,22,,,,,10000.0,0.0
-2,141800,AMETHYSTS,9996,2,9995,24,,,10004,2,10005,24,,,10000.0,0.0
-2,141900,AMETHYSTS,9996,2,9995,20,,,10004,2,10005,20,,,10000.0,0.0
-2,142000,AMETHYSTS,9998,5,9995,26,,,10005,26,,,,,10001.5,0.0
-2,142100,AMETHYSTS,9996,1,9995,30,,,10004,1,10005,30,,,10000.0,0.0
-2,142200,AMETHYSTS,9996,2,9995,22,,,10004,2,10005,22,,,10000.0,0.0
-2,142300,AMETHYSTS,9996,2,9995,23,,,10004,2,10005,23,,,10000.0,0.0
-2,142400,AMETHYSTS,10002,3,9996,2,9995,29,10004,2,10005,29,,,10003.0,0.0
-2,142500,AMETHYSTS,9996,1,9995,22,,,10004,1,10005,22,,,10000.0,0.0
-2,142600,AMETHYSTS,9996,1,9995,28,,,10004,1,10005,28,,,10000.0,0.0
-2,142700,AMETHYSTS,10002,5,9996,1,9995,28,10004,1,10005,28,,,10003.0,0.0
-2,142800,AMETHYSTS,9998,1,9996,2,9995,21,10004,2,10005,21,,,10001.0,0.0
-2,142900,AMETHYSTS,9995,27,,,,,9998,1,10005,27,,,9996.5,0.0
-2,143000,AMETHYSTS,9996,2,9995,23,,,10002,2,10004,2,10005,23,9999.0,0.0
-2,143100,AMETHYSTS,9996,1,9995,29,,,10004,1,10005,29,,,10000.0,0.0
-2,143200,AMETHYSTS,9996,2,9995,30,,,10004,2,10005,30,,,10000.0,0.0
-2,143300,AMETHYSTS,9996,1,9995,26,,,10004,1,10005,26,,,10000.0,0.0
-2,143400,AMETHYSTS,9996,2,9995,26,,,10002,4,10004,2,10005,26,9999.0,0.0
-2,143500,AMETHYSTS,9996,2,9995,24,,,10004,2,10005,24,,,10000.0,0.0
-2,143600,AMETHYSTS,9995,22,,,,,10005,22,,,,,10000.0,0.0
-2,143700,AMETHYSTS,9996,1,9995,25,,,10004,1,10005,25,,,10000.0,0.0
-2,143800,AMETHYSTS,9996,2,9995,28,,,10002,9,10004,2,10005,28,9999.0,0.0
-2,143900,AMETHYSTS,10002,1,9996,1,9995,24,10004,1,10005,24,,,10003.0,0.0
-2,144000,AMETHYSTS,9998,6,9995,22,,,10005,22,,,,,10001.5,0.0
-2,144100,AMETHYSTS,9995,22,,,,,10005,22,,,,,10000.0,0.0
-2,144200,AMETHYSTS,9996,1,9995,22,,,10002,5,10004,1,10005,22,9999.0,0.0
-2,144300,AMETHYSTS,9998,6,9995,28,,,10005,28,,,,,10001.5,0.0
-2,144400,AMETHYSTS,9996,2,9995,28,,,10004,2,10005,28,,,10000.0,0.0
-2,144500,AMETHYSTS,9996,2,9995,24,,,10004,2,10005,24,,,10000.0,0.0
-2,144600,AMETHYSTS,10002,2,9998,9,9996,1,10004,1,10005,23,,,10003.0,0.0
-2,144700,AMETHYSTS,9996,2,9995,20,,,10004,2,10005,20,,,10000.0,0.0
-2,144800,AMETHYSTS,9995,24,,,,,10002,7,10005,24,,,9998.5,0.0
-2,144900,AMETHYSTS,9998,8,9996,2,9995,28,10004,2,10005,28,,,10001.0,0.0
-2,145000,AMETHYSTS,9998,9,9995,25,,,10005,25,,,,,10001.5,0.0
-2,145100,AMETHYSTS,9995,26,,,,,10005,26,,,,,10000.0,0.0
-2,145200,AMETHYSTS,9996,1,9995,24,,,10004,1,10005,24,,,10000.0,0.0
-2,145300,AMETHYSTS,9996,2,9995,23,,,9998,3,10004,2,10005,23,9997.0,0.0
-2,145400,AMETHYSTS,9998,6,9996,2,9995,22,10004,2,10005,22,,,10001.0,0.0
-2,145500,AMETHYSTS,10002,1,9996,1,9995,27,10004,1,10005,27,,,10003.0,0.0
-2,145600,AMETHYSTS,9996,2,9995,25,,,9998,8,10004,2,10005,25,9997.0,0.0
-2,145700,AMETHYSTS,9998,5,9996,2,9995,20,10004,2,10005,20,,,10001.0,0.0
-2,145800,AMETHYSTS,9998,6,9995,27,,,10005,27,,,,,10001.5,0.0
-2,145900,AMETHYSTS,9998,6,9995,24,,,10005,24,,,,,10001.5,0.0
-2,146000,AMETHYSTS,9996,1,9995,26,,,10004,1,10005,26,,,10000.0,0.0
-2,146100,AMETHYSTS,9996,1,9995,21,,,10004,1,10005,21,,,10000.0,0.0
-2,146200,AMETHYSTS,9998,9,9996,2,9995,22,10004,2,10005,22,,,10001.0,0.0
-2,146300,AMETHYSTS,9998,1,9996,2,9995,27,10004,2,10005,27,,,10001.0,0.0
-2,146400,AMETHYSTS,9995,28,,,,,10005,28,,,,,10000.0,0.0
-2,146500,AMETHYSTS,9995,30,,,,,10005,30,,,,,10000.0,0.0
-2,146600,AMETHYSTS,10000,4,9998,5,9995,24,10005,24,,,,,10002.5,0.0
-2,146700,AMETHYSTS,9998,8,9996,2,9995,27,10004,2,10005,27,,,10001.0,0.0
-2,146800,AMETHYSTS,9995,26,,,,,10005,26,,,,,10000.0,0.0
-2,146900,AMETHYSTS,9996,2,9995,22,,,10004,2,10005,22,,,10000.0,0.0
-2,147000,AMETHYSTS,9996,1,9995,24,,,10002,10,10004,1,10005,24,9999.0,0.0
-2,147100,AMETHYSTS,9996,2,9995,27,,,10004,2,10005,27,,,10000.0,0.0
-2,147200,AMETHYSTS,9995,21,,,,,10005,21,,,,,10000.0,0.0
-2,147300,AMETHYSTS,10000,3,9996,2,9995,28,10002,7,10004,2,10005,28,10001.0,0.0
-2,147400,AMETHYSTS,9996,1,9995,29,,,10004,1,10005,29,,,10000.0,0.0
-2,147500,AMETHYSTS,9995,20,,,,,10005,20,,,,,10000.0,0.0
-2,147600,AMETHYSTS,9996,2,9995,23,,,10004,2,10005,23,,,10000.0,0.0
-2,147700,AMETHYSTS,10002,1,9995,27,,,10005,27,,,,,10003.5,0.0
-2,147800,AMETHYSTS,9996,2,9995,27,,,10002,1,10004,2,10005,27,9999.0,0.0
-2,147900,AMETHYSTS,9996,1,9995,20,,,10004,1,10005,20,,,10000.0,0.0
-2,148000,AMETHYSTS,9996,2,9995,29,,,10002,9,10004,2,10005,29,9999.0,0.0
-2,148100,AMETHYSTS,9995,30,,,,,10005,30,,,,,10000.0,0.0
-2,148200,AMETHYSTS,9998,5,9996,1,9995,26,10004,1,10005,26,,,10001.0,0.0
-2,148300,AMETHYSTS,9996,2,9995,25,,,10004,2,10005,25,,,10000.0,0.0
-2,148400,AMETHYSTS,9996,1,9995,20,,,10004,1,10005,20,,,10000.0,0.0
-2,148500,AMETHYSTS,9996,2,9995,20,,,10004,2,10005,20,,,10000.0,0.0
-2,148600,AMETHYSTS,9996,1,9995,20,,,10004,1,10005,20,,,10000.0,0.0
-2,148700,AMETHYSTS,9998,4,9995,26,,,10005,26,,,,,10001.5,0.0
-2,148800,AMETHYSTS,9995,26,,,,,10002,1,10005,26,,,9998.5,0.0
-2,148900,AMETHYSTS,9996,2,9995,30,,,10004,2,10005,30,,,10000.0,0.0
-2,149000,AMETHYSTS,10002,5,9996,1,9995,30,10004,1,10005,30,,,10003.0,0.0
-2,149100,AMETHYSTS,10000,2,9996,1,9995,24,10004,1,10005,24,,,10002.0,0.0
-2,149200,AMETHYSTS,10002,1,9998,1,9996,2,10004,2,10005,22,,,10003.0,0.0
-2,149300,AMETHYSTS,9996,1,9995,26,,,10004,1,10005,26,,,10000.0,0.0
-2,149400,AMETHYSTS,9996,1,9995,26,,,10004,1,10005,26,,,10000.0,0.0
-2,149500,AMETHYSTS,9996,2,9995,29,,,10004,2,10005,29,,,10000.0,0.0
-2,149600,AMETHYSTS,9995,30,,,,,10002,2,10005,30,,,9998.5,0.0
-2,149700,AMETHYSTS,10002,6,9996,1,9995,28,10004,1,10005,28,,,10003.0,0.0
-2,149800,AMETHYSTS,10002,5,9996,1,9995,20,10004,1,10005,20,,,10003.0,0.0
-2,149900,AMETHYSTS,9996,2,9995,28,,,10004,2,10005,28,,,10000.0,0.0
-2,150000,AMETHYSTS,9996,1,9995,30,,,10004,1,10005,30,,,10000.0,0.0
-2,150100,AMETHYSTS,9998,2,9996,1,9995,21,10004,1,10005,21,,,10001.0,0.0
-2,150200,AMETHYSTS,9996,2,9995,27,,,9998,1,10004,2,10005,27,9997.0,0.0
-2,150300,AMETHYSTS,9998,10,9996,2,9995,22,10004,2,10005,22,,,10001.0,0.0
-2,150400,AMETHYSTS,9996,1,9995,30,,,9998,1,10004,1,10005,30,9997.0,0.0
-2,150500,AMETHYSTS,10002,1,9995,29,,,10005,29,,,,,10003.5,0.0
-2,150600,AMETHYSTS,9995,23,,,,,10005,23,,,,,10000.0,0.0
-2,150700,AMETHYSTS,9996,2,9995,20,,,10004,2,10005,20,,,10000.0,0.0
-2,150800,AMETHYSTS,9995,30,,,,,9998,1,10005,30,,,9996.5,0.0
-2,150900,AMETHYSTS,9996,2,9995,22,,,10004,2,10005,22,,,10000.0,0.0
-2,151000,AMETHYSTS,9995,27,,,,,10005,27,,,,,10000.0,0.0
-2,151100,AMETHYSTS,9995,25,,,,,10005,25,,,,,10000.0,0.0
-2,151200,AMETHYSTS,9996,1,9995,23,,,10004,1,10005,23,,,10000.0,0.0
-2,151300,AMETHYSTS,9995,27,,,,,10005,27,,,,,10000.0,0.0
